2.1357,ADA-USD-SWAP,SELL,105,1635167392688
2.13571,ADA-USD-SWAP,BUY,215,1635167395699
2.13587,ADA-USD-SWAP,SELL,139,1635167404693
2.1359,ADA-USD-SWAP,BUY,25,1635167407464
2.13635,ADA-USD-SWAP,BUY,10,1635167407464
2.13627,ADA-USD-SWAP,BUY,97,1635167412687
2.13625,ADA-USD-SWAP,SELL,140,1635167414687
2.13568,ADA-USD-SWAP,SELL,116,1635167417692
2.1355,ADA-USD-SWAP,SELL,165,1635167422688
2.1355,ADA-USD-SWAP,SELL,30,1635167424677
2.1355,ADA-USD-SWAP,SELL,143,1635167426702
2.13567,ADA-USD-SWAP,SELL,81,1635167429748
2.1357,ADA-USD-SWAP,BUY,20,1635167431970
2.1357,ADA-USD-SWAP,BUY,6,1635167431982
2.13613,ADA-USD-SWAP,SELL,62,1635167432690
2.13617,ADA-USD-SWAP,BUY,7,1635167432891
2.13617,ADA-USD-SWAP,BUY,17,1635167432900
2.13626,ADA-USD-SWAP,BUY,200,1635167432918
2.13633,ADA-USD-SWAP,BUY,29,1635167432936
2.1367,ADA-USD-SWAP,BUY,22,1635167433077
2.13665,ADA-USD-SWAP,BUY,28,1635167433909
2.13665,ADA-USD-SWAP,BUY,79,1635167433909
2.13665,ADA-USD-SWAP,BUY,2,1635167433909
2.13687,ADA-USD-SWAP,BUY,21,1635167434086
2.13698,ADA-USD-SWAP,BUY,125,1635167435687
2.1357,ADA-USD-SWAP,BUY,29,1635167446232
2.13583,ADA-USD-SWAP,SELL,130,1635167446687
2.13595,ADA-USD-SWAP,SELL,554,1635167449691
2.13594,ADA-USD-SWAP,SELL,78,1635167452063
2.13576,ADA-USD-SWAP,SELL,94,1635167453786
2.13578,ADA-USD-SWAP,SELL,96,1635167456787
2.13598,ADA-USD-SWAP,BUY,62,1635167459789
2.13571,ADA-USD-SWAP,BUY,266,1635167461789
2.13572,ADA-USD-SWAP,BUY,65,1635167464799
2.13566,ADA-USD-SWAP,BUY,159,1635167466888
2.13574,ADA-USD-SWAP,BUY,23,1635167468422
2.13599,ADA-USD-SWAP,BUY,26,1635167468501
2.13599,ADA-USD-SWAP,BUY,213,1635167468501
2.13705,ADA-USD-SWAP,BUY,11,1635167468839
2.13674,ADA-USD-SWAP,BUY,29,1635167468922
2.13729,ADA-USD-SWAP,BUY,30,1635167469367
2.13758,ADA-USD-SWAP,BUY,27,1635167469450
2.13748,ADA-USD-SWAP,BUY,1640,1635167469473
2.13745,ADA-USD-SWAP,BUY,27,1635167469478
2.13752,ADA-USD-SWAP,BUY,7,1635167469478
2.13752,ADA-USD-SWAP,BUY,17,1635167469478
2.13764,ADA-USD-SWAP,BUY,27,1635167469513
2.13782,ADA-USD-SWAP,BUY,117,1635167469513
2.13783,ADA-USD-SWAP,BUY,10,1635167469519
2.13783,ADA-USD-SWAP,BUY,40,1635167469527
2.13783,ADA-USD-SWAP,BUY,50,1635167469528
2.13758,ADA-USD-SWAP,BUY,21,1635167469594
2.13758,ADA-USD-SWAP,BUY,9,1635167469637
2.13796,ADA-USD-SWAP,BUY,21,1635167470721
2.13796,ADA-USD-SWAP,BUY,3,1635167471033
2.13796,ADA-USD-SWAP,BUY,65,1635167471033
2.13796,ADA-USD-SWAP,BUY,83,1635167471276
2.13796,ADA-USD-SWAP,BUY,67,1635167471276
2.13796,ADA-USD-SWAP,BUY,150,1635167471594
2.13796,ADA-USD-SWAP,BUY,74,1635167471602
2.13796,ADA-USD-SWAP,BUY,145,1635167471974
2.13796,ADA-USD-SWAP,BUY,150,1635167472083
2.13796,ADA-USD-SWAP,BUY,151,1635167472083
2.13796,ADA-USD-SWAP,BUY,92,1635167473656
2.13796,ADA-USD-SWAP,BUY,390,1635167473656
2.13796,ADA-USD-SWAP,BUY,20,1635167473663
2.13796,ADA-USD-SWAP,BUY,1230,1635167473666
2.13817,ADA-USD-SWAP,BUY,29,1635167473681
2.13831,ADA-USD-SWAP,BUY,121,1635167473705
2.13831,ADA-USD-SWAP,BUY,29,1635167473726
2.13825,ADA-USD-SWAP,BUY,27,1635167473735
2.13871,ADA-USD-SWAP,BUY,24,1635167473894
2.13878,ADA-USD-SWAP,SELL,330,1635167474078
2.13873,ADA-USD-SWAP,SELL,10,1635167474129
2.13871,ADA-USD-SWAP,SELL,4,1635167474150
2.1387,ADA-USD-SWAP,SELL,23,1635167474175
2.13871,ADA-USD-SWAP,SELL,5,1635167474181
2.1387,ADA-USD-SWAP,SELL,46,1635167474181
2.13845,ADA-USD-SWAP,SELL,8,1635167474323
2.13845,ADA-USD-SWAP,SELL,5,1635167474348
2.13845,ADA-USD-SWAP,SELL,14,1635167474348
2.13835,ADA-USD-SWAP,SELL,150,1635167474348
2.13835,ADA-USD-SWAP,SELL,4,1635167474348
2.13834,ADA-USD-SWAP,SELL,1,1635167474348
2.13834,ADA-USD-SWAP,SELL,62,1635167474360
2.13841,ADA-USD-SWAP,SELL,6,1635167474377
2.13788,ADA-USD-SWAP,BUY,156,1635167475887
2.13799,ADA-USD-SWAP,BUY,28,1635167476624
2.1383,ADA-USD-SWAP,BUY,27,1635167477266
2.13873,ADA-USD-SWAP,BUY,23,1635167480483
2.13891,ADA-USD-SWAP,SELL,1,1635167488042
2.1389,ADA-USD-SWAP,SELL,292,1635167488889
2.13873,ADA-USD-SWAP,SELL,226,1635167492889
2.13883,ADA-USD-SWAP,BUY,4,1635167493994
2.13894,ADA-USD-SWAP,BUY,23,1635167497971
2.13891,ADA-USD-SWAP,BUY,104,1635167497994
2.139,ADA-USD-SWAP,BUY,104,1635167498015
2.13908,ADA-USD-SWAP,BUY,24,1635167498071
2.13936,ADA-USD-SWAP,BUY,29,1635167498185
2.13936,ADA-USD-SWAP,BUY,121,1635167498191
2.13937,ADA-USD-SWAP,BUY,29,1635167498219
2.13931,ADA-USD-SWAP,BUY,21,1635167498338
2.13992,ADA-USD-SWAP,BUY,28,1635167498938
2.14029,ADA-USD-SWAP,SELL,1,1635167500516
2.14005,ADA-USD-SWAP,SELL,72,1635167500988
2.1403,ADA-USD-SWAP,BUY,23,1635167502383
2.14048,ADA-USD-SWAP,BUY,7,1635167502383
2.14028,ADA-USD-SWAP,SELL,102,1635167503990
2.14027,ADA-USD-SWAP,SELL,367,1635167509087
2.14028,ADA-USD-SWAP,SELL,1,1635167525887
2.13971,ADA-USD-SWAP,SELL,105,1635167527092
2.13972,ADA-USD-SWAP,BUY,74,1635167534090
2.13992,ADA-USD-SWAP,BUY,75,1635167542091
2.13999,ADA-USD-SWAP,BUY,21,1635167542139
2.13999,ADA-USD-SWAP,BUY,737,1635167542139
2.13999,ADA-USD-SWAP,BUY,903,1635167542142
2.14039,ADA-USD-SWAP,BUY,24,1635167546444
2.14083,ADA-USD-SWAP,BUY,25,1635167547287
2.14107,ADA-USD-SWAP,BUY,84,1635167550097
2.14116,ADA-USD-SWAP,BUY,23,1635167555611
2.14141,ADA-USD-SWAP,SELL,1,1635167556892
2.14134,ADA-USD-SWAP,BUY,118,1635167560087
2.14115,ADA-USD-SWAP,SELL,102,1635167566090
2.14115,ADA-USD-SWAP,SELL,224,1635167569088
2.14116,ADA-USD-SWAP,BUY,55,1635167572092
2.14118,ADA-USD-SWAP,SELL,2,1635167581656
2.14118,ADA-USD-SWAP,SELL,1,1635167581656
2.14114,ADA-USD-SWAP,SELL,41,1635167581656
2.14095,ADA-USD-SWAP,SELL,103,1635167581656
2.14119,ADA-USD-SWAP,BUY,1,1635167583980
2.14113,ADA-USD-SWAP,BUY,160,1635167585286
2.14114,ADA-USD-SWAP,SELL,78,1635167591286
2.14119,ADA-USD-SWAP,BUY,12,1635167600012
2.14119,ADA-USD-SWAP,BUY,10,1635167615409
2.14185,ADA-USD-SWAP,SELL,10,1635167620151
2.14185,ADA-USD-SWAP,SELL,351,1635167620151
2.14164,ADA-USD-SWAP,BUY,25,1635167621261
2.14189,ADA-USD-SWAP,BUY,104,1635167623488
2.14187,ADA-USD-SWAP,SELL,144,1635167626498
2.14187,ADA-USD-SWAP,BUY,74,1635167629487
2.1419,ADA-USD-SWAP,SELL,2,1635167634380
2.1419,ADA-USD-SWAP,SELL,58,1635167634380
2.14191,ADA-USD-SWAP,BUY,2,1635167643946
2.1419,ADA-USD-SWAP,SELL,1,1635167652591
2.14154,ADA-USD-SWAP,BUY,150,1635167653688
2.14154,ADA-USD-SWAP,BUY,141,1635167657687
2.14157,ADA-USD-SWAP,SELL,152,1635167659720
2.14152,ADA-USD-SWAP,SELL,100,1635167661597
2.14089,ADA-USD-SWAP,SELL,202,1635167663690
2.14104,ADA-USD-SWAP,BUY,28,1635167665079
2.14104,ADA-USD-SWAP,BUY,1,1635167665101
2.14165,ADA-USD-SWAP,BUY,28,1635167665207
2.14165,ADA-USD-SWAP,BUY,1,1635167668387
2.14232,ADA-USD-SWAP,SELL,1,1635167671535
2.14205,ADA-USD-SWAP,SELL,1,1635167690824
2.14179,ADA-USD-SWAP,BUY,54,1635167691688
2.1416,ADA-USD-SWAP,BUY,141,1635167697689
2.14065,ADA-USD-SWAP,SELL,59,1635167704790
2.14062,ADA-USD-SWAP,SELL,157,1635167707788
2.14058,ADA-USD-SWAP,BUY,27,1635167712234
2.14058,ADA-USD-SWAP,BUY,1,1635167715397
2.14123,ADA-USD-SWAP,BUY,27,1635167716650
2.14099,ADA-USD-SWAP,SELL,230,1635167721789
2.14093,ADA-USD-SWAP,SELL,106,1635167723759
2.14046,ADA-USD-SWAP,SELL,31,1635167723759
2.14095,ADA-USD-SWAP,SELL,77,1635167724789
2.14095,ADA-USD-SWAP,SELL,307,1635167728787
2.14117,ADA-USD-SWAP,SELL,151,1635167735789
2.14122,ADA-USD-SWAP,BUY,61,1635167746795
2.14124,ADA-USD-SWAP,BUY,21,1635167748691
2.14175,ADA-USD-SWAP,BUY,22,1635167758910
2.14234,ADA-USD-SWAP,BUY,28,1635167758910
2.14227,ADA-USD-SWAP,SELL,333,1635167761791
2.14228,ADA-USD-SWAP,BUY,23,1635167772025
2.14228,ADA-USD-SWAP,BUY,1,1635167796135
2.14228,ADA-USD-SWAP,BUY,3,1635167796135
2.14228,ADA-USD-SWAP,BUY,1,1635167796291
2.14249,ADA-USD-SWAP,BUY,29,1635167796296
2.14276,ADA-USD-SWAP,BUY,270,1635167796332
2.14276,ADA-USD-SWAP,BUY,30,1635167796347
2.1428,ADA-USD-SWAP,BUY,114,1635167796371
2.1428,ADA-USD-SWAP,BUY,36,1635167796392
2.14332,ADA-USD-SWAP,SELL,160,1635167797887
2.14335,ADA-USD-SWAP,SELL,69,1635167799888
2.14344,ADA-USD-SWAP,BUY,22,1635167807012
2.14387,ADA-USD-SWAP,SELL,1,1635167807715
2.14387,ADA-USD-SWAP,SELL,102,1635167807715
2.14387,ADA-USD-SWAP,SELL,207,1635167807721
2.14387,ADA-USD-SWAP,SELL,71,1635167807733
2.14387,ADA-USD-SWAP,SELL,26,1635167807754
2.14387,ADA-USD-SWAP,SELL,3,1635167807784
2.14387,ADA-USD-SWAP,SELL,46,1635167807792
2.14336,ADA-USD-SWAP,SELL,165,1635167807947
2.14319,ADA-USD-SWAP,SELL,50,1635167808012
2.14268,ADA-USD-SWAP,BUY,1,1635167822738
2.14279,ADA-USD-SWAP,SELL,1,1635167826506
2.14266,ADA-USD-SWAP,BUY,86,1635167826988
2.14283,ADA-USD-SWAP,SELL,65,1635167830993
2.14275,ADA-USD-SWAP,BUY,91,1635167842086
2.14285,ADA-USD-SWAP,SELL,83,1635167861187
2.14287,ADA-USD-SWAP,SELL,1,1635167875054
2.14287,ADA-USD-SWAP,SELL,3,1635167875054
2.14285,ADA-USD-SWAP,SELL,21,1635167875076
2.14285,ADA-USD-SWAP,SELL,22,1635167875139
2.14259,ADA-USD-SWAP,SELL,112,1635167876189
2.14253,ADA-USD-SWAP,BUY,201,1635167879193
2.14251,ADA-USD-SWAP,SELL,75,1635167883187
2.14241,ADA-USD-SWAP,BUY,29,1635167913790
2.14284,ADA-USD-SWAP,SELL,3,1635167942572
2.14284,ADA-USD-SWAP,SELL,5,1635167942572
2.1428,ADA-USD-SWAP,SELL,21,1635167942705
2.1428,ADA-USD-SWAP,SELL,21,1635167943243
2.14236,ADA-USD-SWAP,BUY,114,1635167945188
2.14212,ADA-USD-SWAP,BUY,139,1635167947189
2.14168,ADA-USD-SWAP,BUY,15,1635167950115
2.14161,ADA-USD-SWAP,BUY,89,1635167951186
2.14163,ADA-USD-SWAP,BUY,149,1635167953188
2.14159,ADA-USD-SWAP,SELL,132,1635167958189
2.14158,ADA-USD-SWAP,SELL,86,1635167961188
2.14153,ADA-USD-SWAP,SELL,22,1635167964636
2.14153,ADA-USD-SWAP,SELL,2,1635167964636
2.14134,ADA-USD-SWAP,SELL,100,1635167965190
2.1414,ADA-USD-SWAP,BUY,86,1635167975191
2.14133,ADA-USD-SWAP,SELL,56,1635167980188
2.14133,ADA-USD-SWAP,BUY,124,1635167982187
2.14145,ADA-USD-SWAP,BUY,22,1635167987027
2.14158,ADA-USD-SWAP,BUY,93,1635167990188
2.14159,ADA-USD-SWAP,SELL,153,1635167992188
2.14142,ADA-USD-SWAP,BUY,139,1635167996187
2.1413,ADA-USD-SWAP,SELL,113,1635168006288
2.14037,ADA-USD-SWAP,BUY,1,1635168027956
2.14037,ADA-USD-SWAP,BUY,2,1635168027956
2.14037,ADA-USD-SWAP,BUY,4,1635168027956
2.14039,ADA-USD-SWAP,SELL,153,1635168042293
2.14042,ADA-USD-SWAP,SELL,111,1635168052287
2.14036,ADA-USD-SWAP,BUY,1,1635168058360
2.14036,ADA-USD-SWAP,BUY,106,1635168058360
2.14033,ADA-USD-SWAP,SELL,73,1635168061392
2.14029,ADA-USD-SWAP,SELL,50,1635168069064
2.1403,ADA-USD-SWAP,BUY,1,1635168096825
2.1403,ADA-USD-SWAP,BUY,2,1635168096825
2.1403,ADA-USD-SWAP,BUY,150,1635168096825
2.14045,ADA-USD-SWAP,BUY,89,1635168096825
2.14068,ADA-USD-SWAP,BUY,53,1635168096825
2.13926,ADA-USD-SWAP,SELL,19,1635168099652
2.13926,ADA-USD-SWAP,SELL,8,1635168099703
2.13881,ADA-USD-SWAP,SELL,125,1635168100067
2.13892,ADA-USD-SWAP,BUY,458,1635168100492
2.13891,ADA-USD-SWAP,BUY,90,1635168105486
2.13887,ADA-USD-SWAP,SELL,15,1635168108846
2.13864,ADA-USD-SWAP,SELL,13,1635168108894
2.13838,ADA-USD-SWAP,BUY,62,1635168116486
2.1384,ADA-USD-SWAP,BUY,21,1635168122182
2.13889,ADA-USD-SWAP,BUY,228,1635168122246
2.13893,ADA-USD-SWAP,BUY,30,1635168122263
2.13912,ADA-USD-SWAP,BUY,115,1635168122282
2.13901,ADA-USD-SWAP,SELL,71,1635168122497
2.13874,ADA-USD-SWAP,SELL,188,1635168125486
2.13868,ADA-USD-SWAP,SELL,141,1635168128488
2.13885,ADA-USD-SWAP,BUY,26,1635168130794
2.13885,ADA-USD-SWAP,BUY,150,1635168130794
2.13906,ADA-USD-SWAP,BUY,27,1635168130828
2.13906,ADA-USD-SWAP,BUY,21,1635168130978
2.1394,ADA-USD-SWAP,SELL,156,1635168131490
2.13941,ADA-USD-SWAP,BUY,23,1635168132247
2.13999,ADA-USD-SWAP,BUY,156,1635168134493
2.14,ADA-USD-SWAP,BUY,83,1635168139488
2.13999,ADA-USD-SWAP,BUY,132,1635168142492
2.1396,ADA-USD-SWAP,SELL,403,1635168145490
2.13982,ADA-USD-SWAP,BUY,24,1635168167815
2.14005,ADA-USD-SWAP,BUY,291,1635168170595
2.13959,ADA-USD-SWAP,BUY,156,1635168177587
2.13954,ADA-USD-SWAP,SELL,103,1635168180088
2.13944,ADA-USD-SWAP,SELL,67,1635168180591
2.13948,ADA-USD-SWAP,BUY,150,1635168180696
2.13948,ADA-USD-SWAP,BUY,15,1635168180705
2.13975,ADA-USD-SWAP,BUY,39,1635168180705
2.13978,ADA-USD-SWAP,BUY,273,1635168180705
2.13979,ADA-USD-SWAP,BUY,29,1635168180705
2.13982,ADA-USD-SWAP,BUY,50,1635168180705
2.13918,ADA-USD-SWAP,SELL,57,1635168183590
2.13939,ADA-USD-SWAP,BUY,25,1635168184917
2.13939,ADA-USD-SWAP,BUY,1,1635168184935
2.1396,ADA-USD-SWAP,BUY,26,1635168191241
2.1396,ADA-USD-SWAP,BUY,64,1635168191241
2.1396,ADA-USD-SWAP,BUY,17,1635168191244
2.13981,ADA-USD-SWAP,BUY,2,1635168192688
2.13981,ADA-USD-SWAP,BUY,20,1635168195088
2.14028,ADA-USD-SWAP,BUY,10,1635168195088
2.14003,ADA-USD-SWAP,BUY,157,1635168195590
2.14002,ADA-USD-SWAP,BUY,43,1635168199400
2.13996,ADA-USD-SWAP,BUY,24,1635168203315
2.14009,ADA-USD-SWAP,SELL,147,1635168205587
2.14015,ADA-USD-SWAP,BUY,8,1635168207862
2.14017,ADA-USD-SWAP,BUY,25,1635168212430
2.14061,ADA-USD-SWAP,BUY,1,1635168213947
2.14059,ADA-USD-SWAP,BUY,94,1635168215687
2.14061,ADA-USD-SWAP,SELL,1,1635168230601
2.14052,ADA-USD-SWAP,BUY,98,1635168232693
2.14037,ADA-USD-SWAP,BUY,25,1635168246519
2.14054,ADA-USD-SWAP,BUY,145,1635168246889
2.14059,ADA-USD-SWAP,BUY,45,1635168247566
2.14061,ADA-USD-SWAP,BUY,370,1635168248397
2.14061,ADA-USD-SWAP,BUY,50,1635168248401
2.14051,ADA-USD-SWAP,SELL,121,1635168251891
2.14052,ADA-USD-SWAP,SELL,129,1635168254892
2.14057,ADA-USD-SWAP,BUY,10,1635168258054
2.14056,ADA-USD-SWAP,SELL,95,1635168258888
2.14054,ADA-USD-SWAP,BUY,534,1635168259869
2.14059,ADA-USD-SWAP,SELL,145,1635168261889
2.14062,ADA-USD-SWAP,BUY,25,1635168263046
2.14062,ADA-USD-SWAP,BUY,16,1635168263046
2.14067,ADA-USD-SWAP,BUY,130,1635168265889
2.14076,ADA-USD-SWAP,BUY,1,1635168273980
2.14076,ADA-USD-SWAP,BUY,28,1635168278251
2.14076,ADA-USD-SWAP,BUY,4,1635168278251
2.14093,ADA-USD-SWAP,BUY,73,1635168282887
2.14097,ADA-USD-SWAP,BUY,28,1635168296695
2.14118,ADA-USD-SWAP,SELL,140,1635168300987
2.14117,ADA-USD-SWAP,BUY,117,1635168304987
2.14102,ADA-USD-SWAP,BUY,117,1635168307987
2.14104,ADA-USD-SWAP,BUY,90,1635168309989
2.14106,ADA-USD-SWAP,SELL,114,1635168312988
2.14098,ADA-USD-SWAP,SELL,113,1635168316987
2.14103,ADA-USD-SWAP,BUY,29,1635168343323
2.14123,ADA-USD-SWAP,SELL,67,1635168344987
2.1413,ADA-USD-SWAP,BUY,133,1635168349988
2.14139,ADA-USD-SWAP,SELL,1640,1635168358623
2.14139,ADA-USD-SWAP,SELL,168,1635168358623
2.14139,ADA-USD-SWAP,SELL,150,1635168358623
2.14139,ADA-USD-SWAP,SELL,1640,1635168358623
2.14139,ADA-USD-SWAP,SELL,187,1635168358623
2.14135,ADA-USD-SWAP,SELL,41,1635168358623
2.14134,ADA-USD-SWAP,SELL,120,1635168358623
2.14126,ADA-USD-SWAP,BUY,595,1635168360058
2.14126,ADA-USD-SWAP,BUY,32,1635168360074
2.14126,ADA-USD-SWAP,BUY,11,1635168360098
2.14126,ADA-USD-SWAP,BUY,74,1635168360112
2.14126,ADA-USD-SWAP,BUY,104,1635168360120
2.14126,ADA-USD-SWAP,BUY,225,1635168360120
2.14126,ADA-USD-SWAP,BUY,13,1635168360120
2.1414,ADA-USD-SWAP,BUY,28,1635168360249
2.14206,ADA-USD-SWAP,BUY,2,1635168364001
2.14205,ADA-USD-SWAP,SELL,1640,1635168364348
2.14206,ADA-USD-SWAP,BUY,24,1635168376518
2.14238,ADA-USD-SWAP,BUY,20,1635168378639
2.14238,ADA-USD-SWAP,BUY,19,1635168378639
2.14255,ADA-USD-SWAP,BUY,120,1635168384187
2.14256,ADA-USD-SWAP,BUY,137,1635168387189
2.14247,ADA-USD-SWAP,SELL,354,1635168390188
2.14237,ADA-USD-SWAP,BUY,27,1635168402322
2.14237,ADA-USD-SWAP,BUY,85,1635168402322
2.14263,ADA-USD-SWAP,BUY,11,1635168403140
2.1425,ADA-USD-SWAP,BUY,127,1635168414294
2.14257,ADA-USD-SWAP,BUY,265,1635168422285
2.14258,ADA-USD-SWAP,SELL,88,1635168426290
2.14246,ADA-USD-SWAP,SELL,71,1635168432289
2.14262,ADA-USD-SWAP,SELL,94,1635168436288
2.14249,ADA-USD-SWAP,BUY,122,1635168437642
2.14249,ADA-USD-SWAP,BUY,1640,1635168437642
2.14262,ADA-USD-SWAP,BUY,150,1635168437660
2.14263,ADA-USD-SWAP,BUY,12,1635168437687
2.14268,ADA-USD-SWAP,BUY,41,1635168437716
2.14312,ADA-USD-SWAP,SELL,115,1635168440338
2.14312,ADA-USD-SWAP,SELL,1,1635168440350
2.14275,ADA-USD-SWAP,BUY,517,1635168441289
2.1428,ADA-USD-SWAP,BUY,28,1635168442702
2.14275,ADA-USD-SWAP,BUY,86,1635168444287
2.14271,ADA-USD-SWAP,BUY,121,1635168447289
2.14274,ADA-USD-SWAP,BUY,95,1635168453293
2.14284,ADA-USD-SWAP,BUY,1,1635168453983
2.14291,ADA-USD-SWAP,BUY,9,1635168458090
2.14282,ADA-USD-SWAP,SELL,93,1635168460386
2.14271,ADA-USD-SWAP,BUY,106,1635168462386
2.14268,ADA-USD-SWAP,BUY,2,1635168468051
2.14268,ADA-USD-SWAP,BUY,14,1635168476003
2.14267,ADA-USD-SWAP,SELL,1,1635168481619
2.14263,ADA-USD-SWAP,BUY,88,1635168482388
2.14262,ADA-USD-SWAP,SELL,126,1635168489486
2.14265,ADA-USD-SWAP,BUY,407,1635168497777
2.14267,ADA-USD-SWAP,BUY,120,1635168497777
2.14267,ADA-USD-SWAP,BUY,30,1635168497781
2.14268,ADA-USD-SWAP,BUY,7,1635168497781
2.14275,ADA-USD-SWAP,BUY,60,1635168497795
2.14349,ADA-USD-SWAP,BUY,21,1635168497851
2.14355,ADA-USD-SWAP,BUY,90,1635168497851
2.14355,ADA-USD-SWAP,BUY,60,1635168497851
2.14355,ADA-USD-SWAP,BUY,41,1635168497851
2.14342,ADA-USD-SWAP,BUY,23,1635168500169
2.14366,ADA-USD-SWAP,SELL,197,1635168500371
2.14366,ADA-USD-SWAP,SELL,180,1635168500371
2.14366,ADA-USD-SWAP,SELL,1640,1635168500371
2.14366,ADA-USD-SWAP,SELL,150,1635168500371
2.14354,ADA-USD-SWAP,SELL,89,1635168500488
2.14367,ADA-USD-SWAP,BUY,26,1635168501858
2.14374,ADA-USD-SWAP,BUY,150,1635168501863
2.14375,ADA-USD-SWAP,BUY,41,1635168501863
2.14409,ADA-USD-SWAP,BUY,150,1635168501885
2.14379,ADA-USD-SWAP,BUY,41,1635168501896
2.14387,ADA-USD-SWAP,BUY,23,1635168501942
2.14387,ADA-USD-SWAP,BUY,104,1635168501942
2.14388,ADA-USD-SWAP,BUY,23,1635168501942
2.14451,ADA-USD-SWAP,BUY,150,1635168503860
2.14452,ADA-USD-SWAP,BUY,21,1635168503860
2.1446,ADA-USD-SWAP,BUY,41,1635168503860
2.14487,ADA-USD-SWAP,BUY,91,1635168503860
2.14496,ADA-USD-SWAP,BUY,44,1635168503860
2.14516,ADA-USD-SWAP,BUY,150,1635168503860
2.14536,ADA-USD-SWAP,BUY,123,1635168503860
2.14496,ADA-USD-SWAP,BUY,2,1635168503880
2.14515,ADA-USD-SWAP,BUY,22,1635168503900
2.14515,ADA-USD-SWAP,BUY,19,1635168503918
2.1453,ADA-USD-SWAP,BUY,22,1635168503921
2.14536,ADA-USD-SWAP,BUY,61,1635168503921
2.14536,ADA-USD-SWAP,BUY,89,1635168503926
2.1453,ADA-USD-SWAP,BUY,41,1635168503963
2.1453,ADA-USD-SWAP,BUY,9,1635168503970
2.14535,ADA-USD-SWAP,BUY,100,1635168504064
2.14573,ADA-USD-SWAP,BUY,291,1635168504489
2.14584,ADA-USD-SWAP,SELL,125,1635168505981
2.14584,ADA-USD-SWAP,SELL,1,1635168505990
2.14519,ADA-USD-SWAP,SELL,26,1635168506194
2.14519,ADA-USD-SWAP,SELL,1,1635168506211
2.14514,ADA-USD-SWAP,SELL,27,1635168506245
2.14517,ADA-USD-SWAP,SELL,26,1635168506272
2.14517,ADA-USD-SWAP,SELL,1,1635168506294
2.14493,ADA-USD-SWAP,SELL,50,1635168506308
2.14518,ADA-USD-SWAP,SELL,27,1635168506341
2.14462,ADA-USD-SWAP,BUY,132,1635168507489
2.14454,ADA-USD-SWAP,BUY,20,1635168509643
2.14445,ADA-USD-SWAP,BUY,68,1635168510493
2.14433,ADA-USD-SWAP,SELL,40,1635168511696
2.14433,ADA-USD-SWAP,SELL,1,1635168511705
2.14433,ADA-USD-SWAP,SELL,41,1635168511795
2.14405,ADA-USD-SWAP,SELL,109,1635168511795
2.14415,ADA-USD-SWAP,SELL,65,1635168511825
2.1443,ADA-USD-SWAP,BUY,2,1635168513946
2.14419,ADA-USD-SWAP,BUY,88,1635168515486
2.14413,ADA-USD-SWAP,SELL,40,1635168515495
2.14416,ADA-USD-SWAP,SELL,133,1635168517499
2.14428,ADA-USD-SWAP,SELL,40,1635168518542
2.14428,ADA-USD-SWAP,SELL,1,1635168518552
2.14416,ADA-USD-SWAP,SELL,90,1635168518928
2.14413,ADA-USD-SWAP,SELL,40,1635168519962
2.14408,ADA-USD-SWAP,SELL,1,1635168520148
2.14408,ADA-USD-SWAP,SELL,40,1635168520153
2.14392,ADA-USD-SWAP,SELL,11,1635168520153
2.14392,ADA-USD-SWAP,SELL,85,1635168520167
2.14392,ADA-USD-SWAP,SELL,80,1635168520179
2.14392,ADA-USD-SWAP,SELL,231,1635168520179
2.14381,ADA-USD-SWAP,BUY,113,1635168520488
2.14336,ADA-USD-SWAP,BUY,99,1635168523485
2.14344,ADA-USD-SWAP,BUY,132,1635168526488
2.14344,ADA-USD-SWAP,SELL,1,1635168532332
2.14325,ADA-USD-SWAP,SELL,2,1635168532672
2.14325,ADA-USD-SWAP,SELL,2,1635168532687
2.14325,ADA-USD-SWAP,SELL,21,1635168532696
2.14318,ADA-USD-SWAP,BUY,367,1635168533504
2.14318,ADA-USD-SWAP,SELL,116,1635168536492
2.14318,ADA-USD-SWAP,BUY,98,1635168539488
2.14316,ADA-USD-SWAP,BUY,116,1635168543490
2.14316,ADA-USD-SWAP,BUY,179,1635168547489
2.14317,ADA-USD-SWAP,SELL,64,1635168550586
2.14328,ADA-USD-SWAP,SELL,124,1635168557697
2.14334,ADA-USD-SWAP,BUY,767,1635168558692
2.14334,ADA-USD-SWAP,BUY,873,1635168558704
2.14345,ADA-USD-SWAP,BUY,28,1635168558717
2.14362,ADA-USD-SWAP,SELL,381,1635168559689
2.14366,ADA-USD-SWAP,SELL,1,1635168560322
2.14354,ADA-USD-SWAP,BUY,97,1635168561689
2.14303,ADA-USD-SWAP,SELL,80,1635168564689
2.14284,ADA-USD-SWAP,BUY,136,1635168568688
2.14281,ADA-USD-SWAP,SELL,80,1635168578693
2.14286,ADA-USD-SWAP,BUY,160,1635168585690
2.14293,ADA-USD-SWAP,BUY,27,1635168601381
2.14293,ADA-USD-SWAP,BUY,192,1635168601381
2.14292,ADA-USD-SWAP,SELL,1,1635168601597
2.14291,ADA-USD-SWAP,SELL,40,1635168601597
2.14287,ADA-USD-SWAP,SELL,124,1635168606788
2.14314,ADA-USD-SWAP,BUY,22,1635168612718
2.14314,ADA-USD-SWAP,BUY,1,1635168619201
2.14335,ADA-USD-SWAP,BUY,83,1635168619889
2.14287,ADA-USD-SWAP,SELL,141,1635168622886
2.14285,ADA-USD-SWAP,SELL,74,1635168626889
2.14267,ADA-USD-SWAP,SELL,143,1635168629888
2.1427,ADA-USD-SWAP,SELL,72,1635168636886
2.14267,ADA-USD-SWAP,BUY,149,1635168638888
2.14271,ADA-USD-SWAP,BUY,129,1635168645888
2.14269,ADA-USD-SWAP,BUY,156,1635168650987
2.14245,ADA-USD-SWAP,SELL,185,1635168654523
2.14242,ADA-USD-SWAP,SELL,41,1635168654549
2.14238,ADA-USD-SWAP,SELL,146,1635168654549
2.14238,ADA-USD-SWAP,SELL,4,1635168654553
2.14238,ADA-USD-SWAP,SELL,72,1635168654553
2.14238,ADA-USD-SWAP,BUY,99,1635168658993
2.14239,ADA-USD-SWAP,SELL,111,1635168660994
2.14237,ADA-USD-SWAP,SELL,20,1635168666219
2.1425,ADA-USD-SWAP,BUY,89,1635168674988
2.14249,ADA-USD-SWAP,SELL,107,1635168677996
2.14246,ADA-USD-SWAP,BUY,110,1635168680986
2.14251,ADA-USD-SWAP,SELL,101,1635168683989
2.14276,ADA-USD-SWAP,BUY,20,1635168692452
2.14276,ADA-USD-SWAP,BUY,5,1635168692455
2.14303,ADA-USD-SWAP,BUY,61,1635168692989
2.14329,ADA-USD-SWAP,BUY,26,1635168696764
2.1439,ADA-USD-SWAP,BUY,150,1635168696904
2.14391,ADA-USD-SWAP,BUY,28,1635168696904
2.14426,ADA-USD-SWAP,BUY,4,1635168699252
2.14426,ADA-USD-SWAP,BUY,16,1635168699465
2.14481,ADA-USD-SWAP,SELL,152,1635168700988
2.14474,ADA-USD-SWAP,SELL,85,1635168704993
2.14475,ADA-USD-SWAP,BUY,4,1635168708230
2.14475,ADA-USD-SWAP,BUY,16,1635168709190
2.14534,ADA-USD-SWAP,BUY,41,1635168709425
2.14538,ADA-USD-SWAP,BUY,24,1635168709425
2.14545,ADA-USD-SWAP,BUY,41,1635168709461
2.14538,ADA-USD-SWAP,BUY,24,1635168709785
2.14538,ADA-USD-SWAP,BUY,41,1635168709785
2.14579,ADA-USD-SWAP,BUY,28,1635168709965
2.14585,ADA-USD-SWAP,BUY,41,1635168709990
2.14571,ADA-USD-SWAP,BUY,246,1635168710089
2.1459,ADA-USD-SWAP,BUY,1640,1635168710168
2.1459,ADA-USD-SWAP,BUY,41,1635168710168
2.1456,ADA-USD-SWAP,SELL,150,1635168710491
2.14559,ADA-USD-SWAP,SELL,1,1635168710491
2.14555,ADA-USD-SWAP,SELL,120,1635168710491
2.14552,ADA-USD-SWAP,SELL,1,1635168710491
2.14552,ADA-USD-SWAP,SELL,53,1635168710491
2.14549,ADA-USD-SWAP,SELL,1,1635168710572
2.14548,ADA-USD-SWAP,SELL,1,1635168710771
2.14546,ADA-USD-SWAP,SELL,1,1635168711518
2.14547,ADA-USD-SWAP,SELL,1,1635168711562
2.14539,ADA-USD-SWAP,SELL,1,1635168711810
2.14532,ADA-USD-SWAP,SELL,1,1635168711833
2.14529,ADA-USD-SWAP,SELL,1,1635168711876
2.14528,ADA-USD-SWAP,SELL,1,1635168712531
2.14526,ADA-USD-SWAP,SELL,1,1635168712576
2.14519,ADA-USD-SWAP,SELL,1,1635168712593
2.14512,ADA-USD-SWAP,SELL,1,1635168712613
2.14509,ADA-USD-SWAP,SELL,1,1635168712637
2.14508,ADA-USD-SWAP,SELL,1,1635168712642
2.14506,ADA-USD-SWAP,SELL,1,1635168712642
2.14499,ADA-USD-SWAP,SELL,1,1635168712642
2.14492,ADA-USD-SWAP,SELL,1,1635168712642
2.14489,ADA-USD-SWAP,SELL,1,1635168712642
2.14488,ADA-USD-SWAP,SELL,1,1635168712642
2.14486,ADA-USD-SWAP,SELL,1,1635168712667
2.14479,ADA-USD-SWAP,SELL,1,1635168712760
2.1448,ADA-USD-SWAP,SELL,12,1635168712919
2.14475,ADA-USD-SWAP,BUY,115,1635168714091
2.14472,ADA-USD-SWAP,SELL,1,1635168716727
2.14469,ADA-USD-SWAP,SELL,1,1635168716727
2.14468,ADA-USD-SWAP,SELL,1,1635168716727
2.14466,ADA-USD-SWAP,SELL,1,1635168716727
2.14461,ADA-USD-SWAP,BUY,4,1635168717279
2.14459,ADA-USD-SWAP,SELL,1,1635168720471
2.14452,ADA-USD-SWAP,SELL,1,1635168720486
2.14449,ADA-USD-SWAP,SELL,1,1635168720486
2.14449,ADA-USD-SWAP,SELL,1,1635168720504
2.14448,ADA-USD-SWAP,SELL,1,1635168720504
2.14446,ADA-USD-SWAP,SELL,1,1635168721051
2.14468,ADA-USD-SWAP,BUY,28,1635168723257
2.14485,ADA-USD-SWAP,BUY,3,1635168723969
2.14503,ADA-USD-SWAP,BUY,22,1635168736265
2.14511,ADA-USD-SWAP,BUY,42,1635168736265
2.14524,ADA-USD-SWAP,BUY,23,1635168746843
2.14548,ADA-USD-SWAP,BUY,84,1635168746861
2.14545,ADA-USD-SWAP,BUY,22,1635168747119
2.14571,ADA-USD-SWAP,SELL,3,1635168748074
2.14564,ADA-USD-SWAP,SELL,71,1635168748095
2.14544,ADA-USD-SWAP,BUY,245,1635168748489
2.14533,ADA-USD-SWAP,SELL,12,1635168748847
2.1451,ADA-USD-SWAP,SELL,6,1635168749074
2.14509,ADA-USD-SWAP,SELL,74,1635168749083
2.14503,ADA-USD-SWAP,SELL,1,1635168749152
2.14503,ADA-USD-SWAP,SELL,1,1635168749164
2.14485,ADA-USD-SWAP,SELL,150,1635168749191
2.14484,ADA-USD-SWAP,SELL,1,1635168749309
2.14487,ADA-USD-SWAP,SELL,13,1635168751695
2.14487,ADA-USD-SWAP,SELL,46,1635168751695
