2.1358,ADA-USDT-SWAP,BUY,3,1635167392384
2.13601,ADA-USDT-SWAP,BUY,6,1635167394275
2.136,ADA-USDT-SWAP,SELL,1,1635167396467
2.13601,ADA-USDT-SWAP,BUY,1,1635167396979
2.1362,ADA-USDT-SWAP,BUY,1,1635167404832
2.13644,ADA-USDT-SWAP,BUY,2,1635167405088
2.13645,ADA-USDT-SWAP,SELL,3,1635167415833
2.13645,ADA-USDT-SWAP,SELL,1,1635167415893
2.13645,ADA-USDT-SWAP,SELL,1,1635167415910
2.13602,ADA-USDT-SWAP,BUY,1,1635167421845
2.13602,ADA-USDT-SWAP,BUY,2,1635167421845
2.13602,ADA-USDT-SWAP,BUY,3,1635167421845
2.13602,ADA-USDT-SWAP,BUY,1,1635167422258
2.13602,ADA-USDT-SWAP,BUY,1,1635167427670
2.13602,ADA-USDT-SWAP,BUY,1,1635167429244
2.13687,ADA-USDT-SWAP,BUY,9,1635167432935
2.13696,ADA-USDT-SWAP,BUY,9,1635167432955
2.1372,ADA-USDT-SWAP,BUY,1,1635167433910
2.1372,ADA-USDT-SWAP,BUY,3,1635167433910
2.1372,ADA-USDT-SWAP,BUY,1,1635167433913
2.13721,ADA-USDT-SWAP,BUY,5,1635167433913
2.13721,ADA-USDT-SWAP,BUY,1,1635167433913
2.13726,ADA-USDT-SWAP,BUY,5,1635167433930
2.13734,ADA-USDT-SWAP,BUY,5,1635167433930
2.13741,ADA-USDT-SWAP,BUY,1,1635167433930
2.13741,ADA-USDT-SWAP,BUY,9,1635167433930
2.13741,ADA-USDT-SWAP,BUY,2,1635167433930
2.13742,ADA-USDT-SWAP,BUY,7,1635167433957
2.13749,ADA-USDT-SWAP,BUY,7,1635167434550
2.13748,ADA-USDT-SWAP,SELL,5,1635167434629
2.13748,ADA-USDT-SWAP,SELL,10,1635167434629
2.13748,ADA-USDT-SWAP,SELL,6,1635167436636
2.13704,ADA-USDT-SWAP,SELL,1,1635167437220
2.137,ADA-USDT-SWAP,SELL,1,1635167437240
2.13664,ADA-USDT-SWAP,BUY,6,1635167437498
2.13664,ADA-USDT-SWAP,BUY,6,1635167438233
2.13664,ADA-USDT-SWAP,BUY,4,1635167438233
2.13663,ADA-USDT-SWAP,SELL,4,1635167438652
2.13663,ADA-USDT-SWAP,SELL,1,1635167438690
2.13656,ADA-USDT-SWAP,SELL,6,1635167438690
2.13656,ADA-USDT-SWAP,SELL,4,1635167438712
2.13608,ADA-USDT-SWAP,BUY,2,1635167438848
2.1362,ADA-USDT-SWAP,BUY,2,1635167440409
2.1362,ADA-USDT-SWAP,BUY,1,1635167444213
2.13634,ADA-USDT-SWAP,BUY,5,1635167444213
2.13644,ADA-USDT-SWAP,BUY,4,1635167444213
2.1366,ADA-USDT-SWAP,BUY,2,1635167445848
2.13704,ADA-USDT-SWAP,SELL,2,1635167452079
2.13635,ADA-USDT-SWAP,BUY,3,1635167452872
2.13652,ADA-USDT-SWAP,BUY,3,1635167452872
2.1364,ADA-USDT-SWAP,BUY,1,1635167454623
2.13684,ADA-USDT-SWAP,BUY,1,1635167460174
2.13684,ADA-USDT-SWAP,BUY,1,1635167468422
2.13684,ADA-USDT-SWAP,BUY,6,1635167468422
2.13684,ADA-USDT-SWAP,BUY,2,1635167468422
2.13684,ADA-USDT-SWAP,BUY,9,1635167468422
2.13684,ADA-USDT-SWAP,BUY,6,1635167468422
2.13684,ADA-USDT-SWAP,BUY,1,1635167468422
2.13684,ADA-USDT-SWAP,BUY,8,1635167468422
2.13684,ADA-USDT-SWAP,BUY,1,1635167468450
2.13685,ADA-USDT-SWAP,BUY,4,1635167468450
2.13685,ADA-USDT-SWAP,BUY,2,1635167468450
2.13699,ADA-USDT-SWAP,BUY,1,1635167468476
2.13706,ADA-USDT-SWAP,BUY,2,1635167468476
2.13706,ADA-USDT-SWAP,BUY,15,1635167468498
2.13706,ADA-USDT-SWAP,BUY,22,1635167468498
2.13698,ADA-USDT-SWAP,BUY,6,1635167468499
2.13699,ADA-USDT-SWAP,BUY,1,1635167468499
2.13706,ADA-USDT-SWAP,BUY,8,1635167468523
2.13706,ADA-USDT-SWAP,BUY,1,1635167468545
2.1372,ADA-USDT-SWAP,BUY,1,1635167468563
2.13737,ADA-USDT-SWAP,BUY,7,1635167468563
2.13744,ADA-USDT-SWAP,BUY,9,1635167468563
2.13747,ADA-USDT-SWAP,BUY,4,1635167468605
2.13749,ADA-USDT-SWAP,BUY,2,1635167468633
2.13749,ADA-USDT-SWAP,BUY,1,1635167468637
2.13749,ADA-USDT-SWAP,BUY,10,1635167468689
2.13749,ADA-USDT-SWAP,BUY,6,1635167468717
2.13749,ADA-USDT-SWAP,BUY,22,1635167468754
2.13769,ADA-USDT-SWAP,BUY,6,1635167468766
2.13749,ADA-USDT-SWAP,BUY,1,1635167468772
2.13769,ADA-USDT-SWAP,BUY,4,1635167468772
2.13792,ADA-USDT-SWAP,SELL,4,1635167468848
2.13793,ADA-USDT-SWAP,BUY,25,1635167468955
2.13795,ADA-USDT-SWAP,BUY,6,1635167468955
2.13796,ADA-USDT-SWAP,BUY,2,1635167468955
2.13796,ADA-USDT-SWAP,BUY,1,1635167468955
2.1382,ADA-USDT-SWAP,BUY,1,1635167469303
2.13856,ADA-USDT-SWAP,BUY,23,1635167469336
2.13861,ADA-USDT-SWAP,SELL,23,1635167469467
2.13857,ADA-USDT-SWAP,BUY,4,1635167469934
2.13857,ADA-USDT-SWAP,BUY,1,1635167469934
2.13857,ADA-USDT-SWAP,BUY,12,1635167469934
2.13858,ADA-USDT-SWAP,BUY,1,1635167469934
2.13863,ADA-USDT-SWAP,BUY,6,1635167469934
2.13863,ADA-USDT-SWAP,BUY,1,1635167470123
2.13863,ADA-USDT-SWAP,BUY,3,1635167470123
2.13863,ADA-USDT-SWAP,BUY,6,1635167470319
2.13862,ADA-USDT-SWAP,SELL,8,1635167470658
2.13864,ADA-USDT-SWAP,BUY,12,1635167473664
2.13874,ADA-USDT-SWAP,BUY,1,1635167473684
2.13887,ADA-USDT-SWAP,BUY,26,1635167473699
2.13887,ADA-USDT-SWAP,BUY,3,1635167473699
2.13887,ADA-USDT-SWAP,BUY,1,1635167473699
2.13905,ADA-USDT-SWAP,BUY,1,1635167473726
2.1392,ADA-USDT-SWAP,BUY,1,1635167473832
2.13928,ADA-USDT-SWAP,BUY,1,1635167473889
2.1393,ADA-USDT-SWAP,SELL,3,1635167474057
2.13931,ADA-USDT-SWAP,BUY,5,1635167474085
2.1393,ADA-USDT-SWAP,SELL,11,1635167474085
2.1393,ADA-USDT-SWAP,SELL,15,1635167474088
2.1393,ADA-USDT-SWAP,SELL,2,1635167474121
2.1393,ADA-USDT-SWAP,SELL,5,1635167474125
2.13901,ADA-USDT-SWAP,SELL,1,1635167474319
2.13901,ADA-USDT-SWAP,SELL,5,1635167474351
2.139,ADA-USDT-SWAP,SELL,1,1635167474351
2.139,ADA-USDT-SWAP,SELL,1,1635167474357
2.13901,ADA-USDT-SWAP,SELL,1,1635167475575
2.13901,ADA-USDT-SWAP,SELL,1,1635167475579
2.1392,ADA-USDT-SWAP,BUY,1,1635167477358
2.13964,ADA-USDT-SWAP,SELL,1,1635167479753
2.13964,ADA-USDT-SWAP,SELL,1,1635167488025
2.13944,ADA-USDT-SWAP,BUY,9,1635167497966
2.13944,ADA-USDT-SWAP,BUY,8,1635167497986
2.13944,ADA-USDT-SWAP,BUY,27,1635167498006
2.13944,ADA-USDT-SWAP,BUY,6,1635167498006
2.13964,ADA-USDT-SWAP,SELL,1,1635167498090
2.13965,ADA-USDT-SWAP,BUY,5,1635167498119
2.13965,ADA-USDT-SWAP,BUY,1,1635167498119
2.13978,ADA-USDT-SWAP,BUY,1,1635167498122
2.13988,ADA-USDT-SWAP,BUY,4,1635167498229
2.13988,ADA-USDT-SWAP,BUY,13,1635167498248
2.13988,ADA-USDT-SWAP,BUY,26,1635167498278
2.14016,ADA-USDT-SWAP,BUY,2,1635167498458
2.1402,ADA-USDT-SWAP,BUY,1,1635167498458
2.14077,ADA-USDT-SWAP,SELL,2,1635167500580
2.14077,ADA-USDT-SWAP,SELL,9,1635167500580
2.14074,ADA-USDT-SWAP,SELL,1,1635167500614
2.14046,ADA-USDT-SWAP,BUY,4,1635167501169
2.14046,ADA-USDT-SWAP,BUY,1,1635167501169
2.14076,ADA-USDT-SWAP,SELL,1,1635167504006
2.14089,ADA-USDT-SWAP,SELL,1,1635167509446
2.14089,ADA-USDT-SWAP,SELL,1,1635167521754
2.14089,ADA-USDT-SWAP,SELL,1,1635167525832
2.14032,ADA-USDT-SWAP,SELL,3,1635167528782
2.14002,ADA-USDT-SWAP,BUY,2,1635167535578
2.14049,ADA-USDT-SWAP,BUY,1,1635167542120
2.14049,ADA-USDT-SWAP,BUY,2,1635167542120
2.14049,ADA-USDT-SWAP,BUY,10,1635167542131
2.14052,ADA-USDT-SWAP,BUY,1,1635167542135
2.14052,ADA-USDT-SWAP,BUY,1,1635167542169
2.14071,ADA-USDT-SWAP,BUY,1,1635167542512
2.1407,ADA-USDT-SWAP,SELL,1,1635167543213
2.1412,ADA-USDT-SWAP,BUY,1,1635167546668
2.14157,ADA-USDT-SWAP,SELL,1,1635167546875
2.14158,ADA-USDT-SWAP,BUY,1,1635167555597
2.14196,ADA-USDT-SWAP,SELL,1,1635167556416
2.14197,ADA-USDT-SWAP,BUY,1,1635167556419
2.14196,ADA-USDT-SWAP,SELL,1,1635167556910
2.14196,ADA-USDT-SWAP,SELL,2,1635167556920
2.14185,ADA-USDT-SWAP,BUY,1,1635167557795
2.14164,ADA-USDT-SWAP,BUY,7,1635167560825
2.14175,ADA-USDT-SWAP,SELL,1,1635167572830
2.14176,ADA-USDT-SWAP,SELL,3,1635167589569
2.14209,ADA-USDT-SWAP,BUY,1,1635167600460
2.14209,ADA-USDT-SWAP,BUY,1,1635167615424
2.1422,ADA-USDT-SWAP,BUY,1,1635167615452
2.1425,ADA-USDT-SWAP,BUY,1,1635167617326
2.14271,ADA-USDT-SWAP,SELL,1,1635167619131
2.14271,ADA-USDT-SWAP,SELL,6,1635167620070
2.1427,ADA-USDT-SWAP,SELL,10,1635167620070
2.14249,ADA-USDT-SWAP,SELL,1,1635167620070
2.14247,ADA-USDT-SWAP,SELL,1,1635167620070
2.14246,ADA-USDT-SWAP,SELL,9,1635167620070
2.14245,ADA-USDT-SWAP,SELL,1,1635167620070
2.14245,ADA-USDT-SWAP,SELL,19,1635167620070
2.14238,ADA-USDT-SWAP,SELL,2,1635167620070
2.14236,ADA-USDT-SWAP,SELL,33,1635167620070
2.1423,ADA-USDT-SWAP,SELL,4,1635167620070
2.1423,ADA-USDT-SWAP,SELL,8,1635167620070
2.14228,ADA-USDT-SWAP,SELL,9,1635167620070
2.14225,ADA-USDT-SWAP,SELL,1,1635167620070
2.14212,ADA-USDT-SWAP,SELL,1,1635167620070
2.14211,ADA-USDT-SWAP,SELL,1,1635167620070
2.14209,ADA-USDT-SWAP,SELL,1,1635167620070
2.14209,ADA-USDT-SWAP,SELL,2,1635167620070
2.14208,ADA-USDT-SWAP,SELL,1,1635167620070
2.14208,ADA-USDT-SWAP,SELL,12,1635167620070
2.14208,ADA-USDT-SWAP,SELL,1,1635167620070
2.14206,ADA-USDT-SWAP,SELL,3,1635167620070
2.14206,ADA-USDT-SWAP,SELL,1,1635167620070
2.14206,ADA-USDT-SWAP,SELL,4,1635167620077
2.14204,ADA-USDT-SWAP,BUY,20,1635167620978
2.14292,ADA-USDT-SWAP,SELL,1,1635167621322
2.14258,ADA-USDT-SWAP,SELL,1,1635167626165
2.14258,ADA-USDT-SWAP,SELL,6,1635167634872
2.14258,ADA-USDT-SWAP,SELL,1,1635167638256
2.14226,ADA-USDT-SWAP,BUY,3,1635167641670
2.14231,ADA-USDT-SWAP,BUY,6,1635167641670
2.14232,ADA-USDT-SWAP,BUY,3,1635167641670
2.14232,ADA-USDT-SWAP,BUY,1,1635167641670
2.14236,ADA-USDT-SWAP,BUY,1,1635167641670
2.14236,ADA-USDT-SWAP,SELL,1,1635167653498
2.14236,ADA-USDT-SWAP,SELL,1,1635167655748
2.14236,ADA-USDT-SWAP,SELL,2,1635167661585
2.14236,ADA-USDT-SWAP,SELL,8,1635167661585
2.14236,ADA-USDT-SWAP,SELL,3,1635167661585
2.14204,ADA-USDT-SWAP,SELL,6,1635167661640
2.14203,ADA-USDT-SWAP,SELL,1,1635167661668
2.14203,ADA-USDT-SWAP,SELL,5,1635167661864
2.14203,ADA-USDT-SWAP,SELL,1,1635167661974
2.142,ADA-USDT-SWAP,SELL,1,1635167661975
2.14185,ADA-USDT-SWAP,SELL,1,1635167661990
2.14174,ADA-USDT-SWAP,BUY,1,1635167662824
2.14175,ADA-USDT-SWAP,BUY,1,1635167662824
2.14185,ADA-USDT-SWAP,BUY,6,1635167662840
2.14186,ADA-USDT-SWAP,BUY,1,1635167662840
2.14186,ADA-USDT-SWAP,BUY,5,1635167662840
2.1418,ADA-USDT-SWAP,SELL,16,1635167663007
2.14177,ADA-USDT-SWAP,BUY,1,1635167664203
2.14177,ADA-USDT-SWAP,BUY,7,1635167664203
2.14177,ADA-USDT-SWAP,BUY,47,1635167664203
2.14177,ADA-USDT-SWAP,BUY,44,1635167664203
2.14194,ADA-USDT-SWAP,BUY,1,1635167665039
2.14206,ADA-USDT-SWAP,BUY,1,1635167665112
2.14209,ADA-USDT-SWAP,BUY,1,1635167665136
2.14215,ADA-USDT-SWAP,BUY,1,1635167665147
2.1422,ADA-USDT-SWAP,BUY,1,1635167665147
2.14234,ADA-USDT-SWAP,BUY,1,1635167665582
2.14261,ADA-USDT-SWAP,SELL,1,1635167671884
2.14261,ADA-USDT-SWAP,SELL,3,1635167673378
2.1424,ADA-USDT-SWAP,BUY,3,1635167674012
2.14258,ADA-USDT-SWAP,BUY,4,1635167685699
2.14258,ADA-USDT-SWAP,BUY,3,1635167689096
2.14203,ADA-USDT-SWAP,SELL,2,1635167700735
2.14203,ADA-USDT-SWAP,SELL,1,1635167700735
2.14202,ADA-USDT-SWAP,SELL,4,1635167700772
2.142,ADA-USDT-SWAP,SELL,1,1635167700789
2.14152,ADA-USDT-SWAP,SELL,23,1635167704483
2.14152,ADA-USDT-SWAP,SELL,1,1635167704483
2.14148,ADA-USDT-SWAP,SELL,1,1635167704899
2.14149,ADA-USDT-SWAP,BUY,1,1635167706257
2.14153,ADA-USDT-SWAP,BUY,4,1635167715384
2.14153,ADA-USDT-SWAP,BUY,21,1635167715384
2.14153,ADA-USDT-SWAP,BUY,5,1635167715384
2.14153,ADA-USDT-SWAP,BUY,6,1635167715384
2.14153,ADA-USDT-SWAP,BUY,7,1635167715394
2.14177,ADA-USDT-SWAP,BUY,1,1635167715543
2.14196,ADA-USDT-SWAP,BUY,1,1635167715644
2.1422,ADA-USDT-SWAP,BUY,1,1635167715834
2.1422,ADA-USDT-SWAP,BUY,3,1635167715834
2.14243,ADA-USDT-SWAP,SELL,1,1635167720592
2.14225,ADA-USDT-SWAP,SELL,8,1635167720592
2.14217,ADA-USDT-SWAP,SELL,1,1635167720614
2.14217,ADA-USDT-SWAP,SELL,5,1635167720635
2.14201,ADA-USDT-SWAP,BUY,34,1635167724965
2.14243,ADA-USDT-SWAP,BUY,5,1635167749633
2.14253,ADA-USDT-SWAP,BUY,1,1635167752281
2.14292,ADA-USDT-SWAP,BUY,1,1635167762917
2.14292,ADA-USDT-SWAP,BUY,1,1635167767884
2.14301,ADA-USDT-SWAP,BUY,1,1635167772498
2.143,ADA-USDT-SWAP,SELL,1,1635167780390
2.14301,ADA-USDT-SWAP,BUY,2,1635167796069
2.14302,ADA-USDT-SWAP,BUY,1,1635167796091
2.1431,ADA-USDT-SWAP,BUY,6,1635167796112
2.1432,ADA-USDT-SWAP,BUY,1,1635167796322
2.14357,ADA-USDT-SWAP,BUY,1,1635167796489
2.14388,ADA-USDT-SWAP,BUY,1,1635167806981
2.14402,ADA-USDT-SWAP,BUY,1,1635167807040
2.1442,ADA-USDT-SWAP,BUY,1,1635167807103
2.14426,ADA-USDT-SWAP,BUY,42,1635167807169
2.14436,ADA-USDT-SWAP,BUY,1,1635167807200
2.14448,ADA-USDT-SWAP,BUY,1,1635167807283
2.14464,ADA-USDT-SWAP,SELL,1,1635167807445
2.14466,ADA-USDT-SWAP,BUY,2,1635167807491
2.14473,ADA-USDT-SWAP,BUY,6,1635167807491
2.14474,ADA-USDT-SWAP,BUY,2,1635167807491
2.14464,ADA-USDT-SWAP,SELL,2,1635167807580
2.14464,ADA-USDT-SWAP,SELL,1,1635167807622
2.14464,ADA-USDT-SWAP,SELL,7,1635167807643
2.14464,ADA-USDT-SWAP,SELL,6,1635167807646
2.14465,ADA-USDT-SWAP,BUY,11,1635167807666
2.14464,ADA-USDT-SWAP,SELL,35,1635167807668
2.14464,ADA-USDT-SWAP,SELL,3,1635167807676
2.14452,ADA-USDT-SWAP,SELL,57,1635167807813
2.14441,ADA-USDT-SWAP,SELL,1,1635167807815
2.14406,ADA-USDT-SWAP,SELL,6,1635167807913
2.14405,ADA-USDT-SWAP,SELL,1,1635167807926
2.144,ADA-USDT-SWAP,SELL,1,1635167807947
2.14386,ADA-USDT-SWAP,SELL,6,1635167807947
2.14381,ADA-USDT-SWAP,SELL,1,1635167807947
2.14404,ADA-USDT-SWAP,SELL,6,1635167807955
2.14373,ADA-USDT-SWAP,SELL,2,1635167807972
2.14345,ADA-USDT-SWAP,SELL,1,1635167808036
2.14348,ADA-USDT-SWAP,BUY,3,1635167809517
2.14347,ADA-USDT-SWAP,SELL,6,1635167811147
2.14347,ADA-USDT-SWAP,SELL,3,1635167811147
2.14347,ADA-USDT-SWAP,SELL,1,1635167811183
2.14347,ADA-USDT-SWAP,SELL,1,1635167811603
2.14347,ADA-USDT-SWAP,SELL,1,1635167814086
2.14348,ADA-USDT-SWAP,BUY,1,1635167823037
2.14348,ADA-USDT-SWAP,BUY,2,1635167823037
2.14347,ADA-USDT-SWAP,SELL,5,1635167826490
2.1433,ADA-USDT-SWAP,BUY,1,1635167827269
2.1433,ADA-USDT-SWAP,BUY,6,1635167827269
2.1436,ADA-USDT-SWAP,SELL,1,1635167838547
2.1436,ADA-USDT-SWAP,SELL,1,1635167840731
2.1436,ADA-USDT-SWAP,SELL,1,1635167842051
2.1436,ADA-USDT-SWAP,SELL,1,1635167854688
2.1436,ADA-USDT-SWAP,SELL,1,1635167855630
2.14361,ADA-USDT-SWAP,BUY,1,1635167868882
2.14361,ADA-USDT-SWAP,BUY,7,1635167869510
2.14363,ADA-USDT-SWAP,BUY,1,1635167873228
2.14363,ADA-USDT-SWAP,BUY,2,1635167873228
2.14375,ADA-USDT-SWAP,SELL,1,1635167875047
2.14375,ADA-USDT-SWAP,SELL,1,1635167875057
2.14375,ADA-USDT-SWAP,SELL,15,1635167875057
2.14375,ADA-USDT-SWAP,SELL,17,1635167875057
2.14362,ADA-USDT-SWAP,SELL,1,1635167875076
2.1436,ADA-USDT-SWAP,SELL,1,1635167875156
2.1436,ADA-USDT-SWAP,SELL,1,1635167876578
2.1436,ADA-USDT-SWAP,SELL,1,1635167880060
2.14361,ADA-USDT-SWAP,BUY,2,1635167881952
2.14361,ADA-USDT-SWAP,BUY,6,1635167881952
2.1436,ADA-USDT-SWAP,SELL,1,1635167883345
2.14329,ADA-USDT-SWAP,SELL,1,1635167885741
2.14329,ADA-USDT-SWAP,SELL,4,1635167886336
2.1433,ADA-USDT-SWAP,BUY,1,1635167890093
2.1434,ADA-USDT-SWAP,BUY,1,1635167890093
2.14341,ADA-USDT-SWAP,BUY,1,1635167890093
2.14359,ADA-USDT-SWAP,BUY,1,1635167890093
2.14356,ADA-USDT-SWAP,SELL,1,1635167901704
2.14357,ADA-USDT-SWAP,BUY,1,1635167906344
2.14367,ADA-USDT-SWAP,BUY,1,1635167913790
2.14367,ADA-USDT-SWAP,BUY,2,1635167913790
2.14367,ADA-USDT-SWAP,BUY,6,1635167913790
2.14367,ADA-USDT-SWAP,BUY,1,1635167913790
2.14375,ADA-USDT-SWAP,BUY,1,1635167913790
2.14377,ADA-USDT-SWAP,BUY,23,1635167913790
2.14378,ADA-USDT-SWAP,BUY,10,1635167913790
2.14381,ADA-USDT-SWAP,SELL,2,1635167914061
2.14381,ADA-USDT-SWAP,SELL,11,1635167914061
2.1436,ADA-USDT-SWAP,BUY,1,1635167919376
2.1437,ADA-USDT-SWAP,BUY,1,1635167919577
2.1437,ADA-USDT-SWAP,BUY,17,1635167919577
2.1437,ADA-USDT-SWAP,SELL,1,1635167920829
2.14376,ADA-USDT-SWAP,SELL,1,1635167926239
2.14377,ADA-USDT-SWAP,BUY,1,1635167939592
2.14377,ADA-USDT-SWAP,BUY,18,1635167939592
2.14377,ADA-USDT-SWAP,BUY,2,1635167939592
2.14377,ADA-USDT-SWAP,BUY,1,1635167939592
2.14377,ADA-USDT-SWAP,BUY,4,1635167939592
2.14377,ADA-USDT-SWAP,BUY,2,1635167939592
2.1438,ADA-USDT-SWAP,BUY,1,1635167939592
2.14382,ADA-USDT-SWAP,BUY,1,1635167939592
2.14384,ADA-USDT-SWAP,BUY,6,1635167939592
2.14377,ADA-USDT-SWAP,BUY,1,1635167939618
2.14403,ADA-USDT-SWAP,SELL,1,1635167940087
2.14403,ADA-USDT-SWAP,SELL,3,1635167940684
2.14378,ADA-USDT-SWAP,SELL,6,1635167940908
2.14378,ADA-USDT-SWAP,SELL,1,1635167941700
2.14378,ADA-USDT-SWAP,SELL,21,1635167941730
2.14378,ADA-USDT-SWAP,SELL,15,1635167941730
2.14378,ADA-USDT-SWAP,SELL,36,1635167941730
2.14378,ADA-USDT-SWAP,SELL,1,1635167941735
2.14311,ADA-USDT-SWAP,SELL,1,1635167942688
2.14312,ADA-USDT-SWAP,SELL,1,1635167946651
2.143,ADA-USDT-SWAP,SELL,1,1635167947729
2.1428,ADA-USDT-SWAP,SELL,1,1635167947833
2.1428,ADA-USDT-SWAP,SELL,6,1635167948018
2.14239,ADA-USDT-SWAP,BUY,1,1635167949237
2.14239,ADA-USDT-SWAP,BUY,2,1635167949237
2.14239,ADA-USDT-SWAP,BUY,1,1635167949237
2.14254,ADA-USDT-SWAP,BUY,1,1635167949237
2.14262,ADA-USDT-SWAP,BUY,1,1635167949237
2.14263,ADA-USDT-SWAP,BUY,7,1635167949237
2.14263,ADA-USDT-SWAP,SELL,1,1635167956619
2.14263,ADA-USDT-SWAP,SELL,2,1635167956619
2.14262,ADA-USDT-SWAP,SELL,2,1635167956639
2.14221,ADA-USDT-SWAP,SELL,1,1635167964624
2.14221,ADA-USDT-SWAP,SELL,1,1635167975128
2.14222,ADA-USDT-SWAP,BUY,1,1635167985746
2.14222,ADA-USDT-SWAP,BUY,2,1635167985746
2.14222,ADA-USDT-SWAP,BUY,23,1635167987029
2.14222,ADA-USDT-SWAP,BUY,22,1635167987031
2.14228,ADA-USDT-SWAP,BUY,1,1635167987073
2.14239,ADA-USDT-SWAP,BUY,1,1635167987681
2.14241,ADA-USDT-SWAP,BUY,1,1635167987681
2.14248,ADA-USDT-SWAP,SELL,12,1635167988224
2.14248,ADA-USDT-SWAP,SELL,6,1635167988224
2.14248,ADA-USDT-SWAP,SELL,12,1635167988224
2.14245,ADA-USDT-SWAP,SELL,20,1635167988224
2.14242,ADA-USDT-SWAP,SELL,30,1635167988224
2.14248,ADA-USDT-SWAP,SELL,1,1635168000527
2.14248,ADA-USDT-SWAP,SELL,1,1635168005282
2.14249,ADA-USDT-SWAP,BUY,1,1635168005761
2.14249,ADA-USDT-SWAP,BUY,9,1635168005761
2.14249,ADA-USDT-SWAP,BUY,17,1635168006588
2.14223,ADA-USDT-SWAP,SELL,1,1635168009526
2.14223,ADA-USDT-SWAP,SELL,1,1635168009621
2.14223,ADA-USDT-SWAP,SELL,1,1635168010183
2.14221,ADA-USDT-SWAP,SELL,1,1635168016549
2.14221,ADA-USDT-SWAP,SELL,12,1635168016560
2.142,ADA-USDT-SWAP,SELL,1,1635168017250
2.142,ADA-USDT-SWAP,SELL,12,1635168017250
2.14191,ADA-USDT-SWAP,SELL,47,1635168017281
2.14146,ADA-USDT-SWAP,SELL,1,1635168030629
2.14147,ADA-USDT-SWAP,BUY,2,1635168040070
2.14147,ADA-USDT-SWAP,BUY,1,1635168040156
2.14146,ADA-USDT-SWAP,SELL,1,1635168053751
2.14146,ADA-USDT-SWAP,SELL,1,1635168054013
2.14146,ADA-USDT-SWAP,SELL,1,1635168054616
2.14147,ADA-USDT-SWAP,BUY,1,1635168055628
2.14147,ADA-USDT-SWAP,BUY,27,1635168055628
2.14158,ADA-USDT-SWAP,SELL,4,1635168076389
2.14159,ADA-USDT-SWAP,BUY,1,1635168078198
2.14158,ADA-USDT-SWAP,SELL,2,1635168097206
2.14158,ADA-USDT-SWAP,SELL,1,1635168097219
2.14158,ADA-USDT-SWAP,SELL,6,1635168097276
2.14146,ADA-USDT-SWAP,SELL,2,1635168097276
2.14146,ADA-USDT-SWAP,SELL,1,1635168097367
2.14146,ADA-USDT-SWAP,SELL,4,1635168097368
2.14146,ADA-USDT-SWAP,SELL,9,1635168097380
2.14146,ADA-USDT-SWAP,SELL,5,1635168097432
2.14146,ADA-USDT-SWAP,SELL,5,1635168097565
2.14146,ADA-USDT-SWAP,SELL,3,1635168097576
2.14146,ADA-USDT-SWAP,SELL,2,1635168097779
2.14146,ADA-USDT-SWAP,SELL,5,1635168097786
2.14146,ADA-USDT-SWAP,SELL,3,1635168097815
2.14146,ADA-USDT-SWAP,SELL,4,1635168098019
2.14146,ADA-USDT-SWAP,SELL,2,1635168098072
2.14146,ADA-USDT-SWAP,SELL,4,1635168098128
2.14146,ADA-USDT-SWAP,SELL,7,1635168098210
2.14146,ADA-USDT-SWAP,SELL,9,1635168098223
2.14146,ADA-USDT-SWAP,SELL,2,1635168098223
2.14146,ADA-USDT-SWAP,SELL,5,1635168098237
2.14146,ADA-USDT-SWAP,SELL,7,1635168098237
2.14146,ADA-USDT-SWAP,SELL,35,1635168098254
2.14105,ADA-USDT-SWAP,SELL,1,1635168098416
2.14105,ADA-USDT-SWAP,SELL,4,1635168098460
2.14105,ADA-USDT-SWAP,SELL,1,1635168098467
2.14105,ADA-USDT-SWAP,SELL,6,1635168098552
2.141,ADA-USDT-SWAP,SELL,1,1635168098722
2.14091,ADA-USDT-SWAP,SELL,3,1635168098722
2.14091,ADA-USDT-SWAP,SELL,4,1635168098766
2.14091,ADA-USDT-SWAP,SELL,1,1635168098771
2.14091,ADA-USDT-SWAP,SELL,1,1635168098804
2.14071,ADA-USDT-SWAP,SELL,5,1635168098818
2.14066,ADA-USDT-SWAP,SELL,5,1635168098819
2.14066,ADA-USDT-SWAP,SELL,1,1635168098819
2.14066,ADA-USDT-SWAP,SELL,4,1635168098822
2.14066,ADA-USDT-SWAP,SELL,1,1635168098849
2.14066,ADA-USDT-SWAP,SELL,1,1635168098872
2.14066,ADA-USDT-SWAP,SELL,4,1635168098884
2.14053,ADA-USDT-SWAP,SELL,1,1635168099236
2.14057,ADA-USDT-SWAP,SELL,2,1635168099342
2.14057,ADA-USDT-SWAP,SELL,1,1635168099379
2.14057,ADA-USDT-SWAP,SELL,1,1635168099409
2.14058,ADA-USDT-SWAP,BUY,6,1635168099436
2.14057,ADA-USDT-SWAP,SELL,7,1635168099440
2.14057,ADA-USDT-SWAP,SELL,4,1635168099459
2.14057,ADA-USDT-SWAP,SELL,3,1635168099459
2.14057,ADA-USDT-SWAP,SELL,1,1635168099459
2.14035,ADA-USDT-SWAP,SELL,1,1635168099461
2.14028,ADA-USDT-SWAP,SELL,1,1635168099523
2.14028,ADA-USDT-SWAP,SELL,2,1635168099523
2.14026,ADA-USDT-SWAP,SELL,1,1635168099540
2.14024,ADA-USDT-SWAP,SELL,5,1635168099646
2.14006,ADA-USDT-SWAP,SELL,1,1635168099749
2.14006,ADA-USDT-SWAP,SELL,1,1635168099752
2.14006,ADA-USDT-SWAP,SELL,3,1635168099761
2.14004,ADA-USDT-SWAP,SELL,1,1635168099761
2.14001,ADA-USDT-SWAP,SELL,1,1635168099785
2.14,ADA-USDT-SWAP,SELL,1,1635168099932
2.14,ADA-USDT-SWAP,SELL,5,1635168099932
2.14,ADA-USDT-SWAP,SELL,3,1635168099937
2.14,ADA-USDT-SWAP,SELL,7,1635168099962
2.14001,ADA-USDT-SWAP,BUY,6,1635168100300
2.14,ADA-USDT-SWAP,SELL,1,1635168101148
2.14,ADA-USDT-SWAP,SELL,2,1635168103048
2.14,ADA-USDT-SWAP,SELL,1,1635168103048
2.14,ADA-USDT-SWAP,SELL,6,1635168103048
2.14,ADA-USDT-SWAP,SELL,15,1635168103048
2.13996,ADA-USDT-SWAP,SELL,6,1635168103048
2.13995,ADA-USDT-SWAP,SELL,2,1635168103048
2.13979,ADA-USDT-SWAP,SELL,12,1635168103048
2.13978,ADA-USDT-SWAP,SELL,7,1635168103048
2.14,ADA-USDT-SWAP,SELL,1,1635168106143
2.14,ADA-USDT-SWAP,SELL,1,1635168106617
2.14,ADA-USDT-SWAP,SELL,1,1635168107758
2.14,ADA-USDT-SWAP,SELL,5,1635168107771
2.14,ADA-USDT-SWAP,SELL,3,1635168107771
2.14,ADA-USDT-SWAP,SELL,2,1635168107781
2.13994,ADA-USDT-SWAP,SELL,1,1635168107781
2.13963,ADA-USDT-SWAP,SELL,1,1635168107921
2.13963,ADA-USDT-SWAP,SELL,1,1635168107958
2.13963,ADA-USDT-SWAP,BUY,6,1635168108661
2.13962,ADA-USDT-SWAP,SELL,1,1635168108832
2.13962,ADA-USDT-SWAP,SELL,3,1635168108851
2.13962,ADA-USDT-SWAP,SELL,1,1635168108871
2.13948,ADA-USDT-SWAP,SELL,3,1635168108892
2.13949,ADA-USDT-SWAP,BUY,6,1635168109555
2.1393,ADA-USDT-SWAP,BUY,6,1635168110451
2.13937,ADA-USDT-SWAP,BUY,34,1635168122170
2.13941,ADA-USDT-SWAP,BUY,1,1635168122170
2.13968,ADA-USDT-SWAP,BUY,4,1635168122191
2.13961,ADA-USDT-SWAP,BUY,6,1635168122202
2.13981,ADA-USDT-SWAP,BUY,6,1635168122248
2.13999,ADA-USDT-SWAP,SELL,1,1635168122450
2.13965,ADA-USDT-SWAP,SELL,1,1635168127845
2.13966,ADA-USDT-SWAP,BUY,1,1635168128814
2.13966,ADA-USDT-SWAP,BUY,2,1635168130700
2.1397,ADA-USDT-SWAP,BUY,17,1635168130770
2.13976,ADA-USDT-SWAP,BUY,1,1635168130794
2.13977,ADA-USDT-SWAP,BUY,7,1635168130794
2.1398,ADA-USDT-SWAP,BUY,1,1635168130833
2.1402,ADA-USDT-SWAP,BUY,1,1635168131767
2.14019,ADA-USDT-SWAP,SELL,11,1635168131778
2.1403,ADA-USDT-SWAP,BUY,1,1635168131933
2.14052,ADA-USDT-SWAP,SELL,1,1635168139422
2.14052,ADA-USDT-SWAP,SELL,1,1635168140951
2.14053,ADA-USDT-SWAP,BUY,1,1635168141819
2.14053,ADA-USDT-SWAP,BUY,2,1635168141819
2.14053,ADA-USDT-SWAP,BUY,12,1635168141819
2.14074,ADA-USDT-SWAP,SELL,1,1635168142401
2.14084,ADA-USDT-SWAP,SELL,1,1635168164971
2.14084,ADA-USDT-SWAP,SELL,1,1635168165167
2.14085,ADA-USDT-SWAP,BUY,1,1635168167057
2.14085,ADA-USDT-SWAP,BUY,2,1635168167057
2.14113,ADA-USDT-SWAP,BUY,7,1635168167632
2.14116,ADA-USDT-SWAP,SELL,2,1635168170300
2.14101,ADA-USDT-SWAP,SELL,3,1635168170310
2.14101,ADA-USDT-SWAP,SELL,1,1635168170313
2.14067,ADA-USDT-SWAP,SELL,1,1635168170458
2.14063,ADA-USDT-SWAP,SELL,1,1635168170458
2.14033,ADA-USDT-SWAP,SELL,6,1635168170458
2.14033,ADA-USDT-SWAP,SELL,3,1635168170458
2.14045,ADA-USDT-SWAP,BUY,4,1635168171191
2.14057,ADA-USDT-SWAP,BUY,10,1635168171318
2.14058,ADA-USDT-SWAP,BUY,1,1635168172615
2.14058,ADA-USDT-SWAP,BUY,3,1635168172615
2.14057,ADA-USDT-SWAP,SELL,1,1635168172630
2.14059,ADA-USDT-SWAP,SELL,1,1635168177597
2.14059,ADA-USDT-SWAP,SELL,1,1635168180053
2.14059,ADA-USDT-SWAP,SELL,2,1635168180053
2.14057,ADA-USDT-SWAP,SELL,1,1635168180053
2.14056,ADA-USDT-SWAP,SELL,3,1635168180053
2.14056,ADA-USDT-SWAP,SELL,2,1635168180055
2.14056,ADA-USDT-SWAP,SELL,5,1635168180055
2.14043,ADA-USDT-SWAP,SELL,18,1635168180078
2.14034,ADA-USDT-SWAP,SELL,1,1635168180078
2.1403,ADA-USDT-SWAP,SELL,46,1635168180078
2.14022,ADA-USDT-SWAP,BUY,2,1635168180650
2.14022,ADA-USDT-SWAP,BUY,5,1635168180650
2.14024,ADA-USDT-SWAP,BUY,2,1635168180681
2.1403,ADA-USDT-SWAP,BUY,19,1635168180681
2.14032,ADA-USDT-SWAP,BUY,1,1635168180681
2.14043,ADA-USDT-SWAP,BUY,4,1635168180684
2.14048,ADA-USDT-SWAP,BUY,14,1635168180684
2.14052,ADA-USDT-SWAP,BUY,19,1635168180684
2.14058,ADA-USDT-SWAP,BUY,1,1635168180684
2.1406,ADA-USDT-SWAP,BUY,1,1635168180684
2.1406,ADA-USDT-SWAP,BUY,9,1635168180684
2.1406,ADA-USDT-SWAP,BUY,2,1635168180684
2.14039,ADA-USDT-SWAP,BUY,1,1635168180726
2.14061,ADA-USDT-SWAP,SELL,2,1635168181030
2.14061,ADA-USDT-SWAP,SELL,1,1635168181030
2.14053,ADA-USDT-SWAP,SELL,6,1635168181092
2.14031,ADA-USDT-SWAP,SELL,1,1635168181092
2.14042,ADA-USDT-SWAP,SELL,1,1635168181099
2.14032,ADA-USDT-SWAP,SELL,1,1635168181131
2.14036,ADA-USDT-SWAP,SELL,1,1635168181154
2.14025,ADA-USDT-SWAP,SELL,6,1635168181154
2.14024,ADA-USDT-SWAP,SELL,1,1635168181154
2.14021,ADA-USDT-SWAP,SELL,1,1635168181154
2.14019,ADA-USDT-SWAP,SELL,6,1635168181154
2.14019,ADA-USDT-SWAP,SELL,3,1635168181178
2.14017,ADA-USDT-SWAP,SELL,3,1635168181178
2.1402,ADA-USDT-SWAP,SELL,6,1635168181219
2.14018,ADA-USDT-SWAP,SELL,6,1635168181244
2.14017,ADA-USDT-SWAP,SELL,6,1635168181244
2.14,ADA-USDT-SWAP,SELL,1,1635168181244
2.14001,ADA-USDT-SWAP,SELL,1,1635168181271
2.13997,ADA-USDT-SWAP,SELL,3,1635168181508
2.14006,ADA-USDT-SWAP,SELL,1,1635168184101
2.14006,ADA-USDT-SWAP,SELL,15,1635168184101
2.14007,ADA-USDT-SWAP,BUY,1,1635168184814
2.14007,ADA-USDT-SWAP,BUY,3,1635168184814
2.1402,ADA-USDT-SWAP,BUY,1,1635168184884
2.14028,ADA-USDT-SWAP,BUY,6,1635168184951
2.14028,ADA-USDT-SWAP,BUY,2,1635168184953
2.14051,ADA-USDT-SWAP,BUY,10,1635168185012
2.1405,ADA-USDT-SWAP,SELL,1,1635168190063
2.14051,ADA-USDT-SWAP,BUY,1,1635168191229
2.14051,ADA-USDT-SWAP,BUY,2,1635168191229
2.1406,ADA-USDT-SWAP,BUY,1,1635168191229
2.14087,ADA-USDT-SWAP,BUY,6,1635168191229
2.1409,ADA-USDT-SWAP,BUY,4,1635168191229
2.14088,ADA-USDT-SWAP,SELL,15,1635168195084
2.14088,ADA-USDT-SWAP,SELL,25,1635168195084
2.14088,ADA-USDT-SWAP,SELL,1,1635168195084
2.14088,ADA-USDT-SWAP,SELL,6,1635168195084
2.14085,ADA-USDT-SWAP,SELL,1,1635168195084
2.14082,ADA-USDT-SWAP,SELL,36,1635168195084
2.14083,ADA-USDT-SWAP,BUY,1,1635168197973
2.14095,ADA-USDT-SWAP,BUY,5,1635168197973
2.14068,ADA-USDT-SWAP,BUY,1,1635168203298
2.14096,ADA-USDT-SWAP,BUY,1,1635168203316
2.14096,ADA-USDT-SWAP,BUY,2,1635168203316
2.1412,ADA-USDT-SWAP,BUY,1,1635168203344
2.14121,ADA-USDT-SWAP,BUY,4,1635168203344
2.14125,ADA-USDT-SWAP,BUY,5,1635168203344
2.141,ADA-USDT-SWAP,SELL,1,1635168210085
2.14068,ADA-USDT-SWAP,SELL,6,1635168210085
2.14067,ADA-USDT-SWAP,SELL,9,1635168210085
2.14056,ADA-USDT-SWAP,SELL,52,1635168210085
2.14056,ADA-USDT-SWAP,SELL,15,1635168210085
2.14077,ADA-USDT-SWAP,BUY,1,1635168212363
2.14088,ADA-USDT-SWAP,BUY,1,1635168212363
2.14101,ADA-USDT-SWAP,BUY,1,1635168212363
2.14103,ADA-USDT-SWAP,BUY,5,1635168212363
2.14119,ADA-USDT-SWAP,SELL,4,1635168214301
2.14119,ADA-USDT-SWAP,SELL,2,1635168214534
2.14119,ADA-USDT-SWAP,SELL,1,1635168214710
2.14119,ADA-USDT-SWAP,SELL,1,1635168214740
2.14119,ADA-USDT-SWAP,SELL,1,1635168214743
2.14119,ADA-USDT-SWAP,SELL,1,1635168214762
2.14119,ADA-USDT-SWAP,SELL,1,1635168214826
2.14119,ADA-USDT-SWAP,SELL,1,1635168214892
2.14119,ADA-USDT-SWAP,SELL,1,1635168214955
2.14119,ADA-USDT-SWAP,SELL,1,1635168219086
2.1411,ADA-USDT-SWAP,SELL,3,1635168223452
2.1411,ADA-USDT-SWAP,SELL,1,1635168229483
2.1411,ADA-USDT-SWAP,SELL,7,1635168229483
2.14108,ADA-USDT-SWAP,SELL,4,1635168235033
2.14108,ADA-USDT-SWAP,SELL,1,1635168235033
2.14086,ADA-USDT-SWAP,SELL,1,1635168235041
2.14087,ADA-USDT-SWAP,BUY,5,1635168235607
2.14081,ADA-USDT-SWAP,BUY,2,1635168238705
2.14096,ADA-USDT-SWAP,BUY,24,1635168238796
2.14096,ADA-USDT-SWAP,BUY,1,1635168238987
2.14097,ADA-USDT-SWAP,BUY,1,1635168239018
2.14102,ADA-USDT-SWAP,BUY,1,1635168239122
2.14108,ADA-USDT-SWAP,BUY,1,1635168239250
2.1411,ADA-USDT-SWAP,SELL,6,1635168239623
2.1411,ADA-USDT-SWAP,SELL,9,1635168240123
2.1411,ADA-USDT-SWAP,SELL,2,1635168240123
2.14101,ADA-USDT-SWAP,SELL,2,1635168242785
2.14101,ADA-USDT-SWAP,SELL,5,1635168242790
2.14101,ADA-USDT-SWAP,SELL,2,1635168242932
2.14101,ADA-USDT-SWAP,SELL,1,1635168242982
2.14101,ADA-USDT-SWAP,SELL,5,1635168243002
2.14101,ADA-USDT-SWAP,SELL,3,1635168243002
2.14101,ADA-USDT-SWAP,SELL,1,1635168243055
2.14101,ADA-USDT-SWAP,SELL,4,1635168243055
2.14101,ADA-USDT-SWAP,SELL,6,1635168245625
2.14101,ADA-USDT-SWAP,SELL,7,1635168246178
2.14101,ADA-USDT-SWAP,SELL,2,1635168246203
2.14101,ADA-USDT-SWAP,SELL,1,1635168246272
2.14101,ADA-USDT-SWAP,SELL,2,1635168246292
2.14101,ADA-USDT-SWAP,SELL,9,1635168247263
2.14102,ADA-USDT-SWAP,BUY,1,1635168248376
2.1411,ADA-USDT-SWAP,BUY,5,1635168248376
2.14111,ADA-USDT-SWAP,BUY,1,1635168248376
2.1412,ADA-USDT-SWAP,BUY,1,1635168248376
2.1412,ADA-USDT-SWAP,BUY,2,1635168248376
2.14121,ADA-USDT-SWAP,BUY,1,1635168248376
2.14138,ADA-USDT-SWAP,SELL,2,1635168255130
2.14138,ADA-USDT-SWAP,SELL,14,1635168255130
2.14138,ADA-USDT-SWAP,BUY,15,1635168262365
2.14138,ADA-USDT-SWAP,BUY,1,1635168262365
2.14139,ADA-USDT-SWAP,BUY,3,1635168266842
2.14139,ADA-USDT-SWAP,BUY,2,1635168266842
2.14149,ADA-USDT-SWAP,BUY,1,1635168266886
2.14148,ADA-USDT-SWAP,SELL,2,1635168270126
2.14148,ADA-USDT-SWAP,SELL,14,1635168270126
2.14148,ADA-USDT-SWAP,SELL,1,1635168274070
2.14149,ADA-USDT-SWAP,BUY,2,1635168283075
2.14148,ADA-USDT-SWAP,SELL,1,1635168289799
2.14177,ADA-USDT-SWAP,BUY,4,1635168299076
2.14177,ADA-USDT-SWAP,BUY,2,1635168299076
2.14177,ADA-USDT-SWAP,SELL,28,1635168300520
2.14177,ADA-USDT-SWAP,SELL,1,1635168300537
2.14177,ADA-USDT-SWAP,SELL,21,1635168300576
2.14177,ADA-USDT-SWAP,SELL,1,1635168301364
2.14177,ADA-USDT-SWAP,SELL,2,1635168301728
2.14178,ADA-USDT-SWAP,BUY,15,1635168320598
2.14178,ADA-USDT-SWAP,BUY,3,1635168320598
2.14178,ADA-USDT-SWAP,BUY,1,1635168320598
2.14178,ADA-USDT-SWAP,BUY,19,1635168320598
2.14183,ADA-USDT-SWAP,SELL,1,1635168329090
2.14184,ADA-USDT-SWAP,BUY,1,1635168342584
2.14196,ADA-USDT-SWAP,SELL,5,1635168344910
2.14199,ADA-USDT-SWAP,BUY,2,1635168356016
2.14199,ADA-USDT-SWAP,BUY,1,1635168359920
2.142,ADA-USDT-SWAP,BUY,1,1635168359920
2.1422,ADA-USDT-SWAP,BUY,1,1635168360113
2.14235,ADA-USDT-SWAP,BUY,1,1635168360135
2.14271,ADA-USDT-SWAP,SELL,1,1635168363452
2.1427,ADA-USDT-SWAP,BUY,22,1635168364085
2.1427,ADA-USDT-SWAP,BUY,1,1635168364085
2.1427,ADA-USDT-SWAP,BUY,2,1635168364085
2.14271,ADA-USDT-SWAP,SELL,1,1635168364415
2.1428,ADA-USDT-SWAP,BUY,1,1635168366908
2.14299,ADA-USDT-SWAP,SELL,1,1635168367456
2.143,ADA-USDT-SWAP,BUY,1,1635168367716
2.14299,ADA-USDT-SWAP,SELL,1,1635168383264
2.14299,ADA-USDT-SWAP,SELL,1,1635168386763
2.14299,ADA-USDT-SWAP,SELL,1,1635168389941
2.1429,ADA-USDT-SWAP,SELL,4,1635168390457
2.143,ADA-USDT-SWAP,BUY,3,1635168392814
2.14301,ADA-USDT-SWAP,BUY,1,1635168403139
2.1431,ADA-USDT-SWAP,SELL,36,1635168409698
2.143,ADA-USDT-SWAP,SELL,2,1635168414269
2.14301,ADA-USDT-SWAP,BUY,18,1635168435003
2.14301,ADA-USDT-SWAP,BUY,2,1635168435003
2.14301,ADA-USDT-SWAP,BUY,25,1635168435003
2.14301,ADA-USDT-SWAP,BUY,57,1635168435003
2.1431,ADA-USDT-SWAP,SELL,1,1635168436686
2.1431,ADA-USDT-SWAP,SELL,1,1635168436881
2.14311,ADA-USDT-SWAP,BUY,1,1635168437664
2.14319,ADA-USDT-SWAP,BUY,6,1635168437682
2.1432,ADA-USDT-SWAP,BUY,1,1635168437682
2.14323,ADA-USDT-SWAP,BUY,2,1635168437682
2.14321,ADA-USDT-SWAP,BUY,1,1635168437714
2.14325,ADA-USDT-SWAP,BUY,4,1635168437748
2.14345,ADA-USDT-SWAP,BUY,15,1635168437751
2.14334,ADA-USDT-SWAP,BUY,6,1635168437763
2.14348,ADA-USDT-SWAP,BUY,1,1635168437818
2.14356,ADA-USDT-SWAP,BUY,14,1635168437818
2.14356,ADA-USDT-SWAP,BUY,3,1635168437818
2.14358,ADA-USDT-SWAP,BUY,6,1635168437818
2.14366,ADA-USDT-SWAP,BUY,6,1635168437818
2.14344,ADA-USDT-SWAP,SELL,1,1635168437828
2.14344,ADA-USDT-SWAP,SELL,8,1635168437833
2.14355,ADA-USDT-SWAP,BUY,6,1635168437859
2.14366,ADA-USDT-SWAP,BUY,4,1635168437859
2.14386,ADA-USDT-SWAP,SELL,5,1635168438168
2.14386,ADA-USDT-SWAP,SELL,8,1635168438174
2.14374,ADA-USDT-SWAP,SELL,1,1635168438782
2.14374,ADA-USDT-SWAP,SELL,1,1635168438792
2.14374,ADA-USDT-SWAP,SELL,1,1635168438838
2.14374,ADA-USDT-SWAP,SELL,5,1635168439377
2.14374,ADA-USDT-SWAP,SELL,1,1635168439385
2.14365,ADA-USDT-SWAP,SELL,1,1635168440373
2.14353,ADA-USDT-SWAP,SELL,1,1635168440385
2.14344,ADA-USDT-SWAP,SELL,1,1635168441793
2.14349,ADA-USDT-SWAP,SELL,1,1635168443028
2.1435,ADA-USDT-SWAP,BUY,3,1635168445536
2.14363,ADA-USDT-SWAP,SELL,1,1635168450806
2.14362,ADA-USDT-SWAP,SELL,1,1635168450954
2.14363,ADA-USDT-SWAP,SELL,1,1635168455251
2.14363,ADA-USDT-SWAP,SELL,1,1635168456804
2.14364,ADA-USDT-SWAP,BUY,1,1635168458482
2.14364,ADA-USDT-SWAP,BUY,15,1635168458482
2.14364,ADA-USDT-SWAP,SELL,10,1635168459592
2.14364,ADA-USDT-SWAP,SELL,25,1635168459592
2.14363,ADA-USDT-SWAP,SELL,1,1635168459592
2.14363,ADA-USDT-SWAP,SELL,1,1635168459593
2.14334,ADA-USDT-SWAP,SELL,1,1635168460608
2.14314,ADA-USDT-SWAP,BUY,4,1635168464224
2.14313,ADA-USDT-SWAP,SELL,1,1635168464239
2.14309,ADA-USDT-SWAP,SELL,1,1635168464278
2.14318,ADA-USDT-SWAP,SELL,5,1635168466340
2.14319,ADA-USDT-SWAP,BUY,1,1635168477643
2.14319,ADA-USDT-SWAP,BUY,2,1635168477643
2.14326,ADA-USDT-SWAP,SELL,1,1635168481631
2.14326,ADA-USDT-SWAP,SELL,5,1635168481631
2.14327,ADA-USDT-SWAP,SELL,1,1635168488421
2.14326,ADA-USDT-SWAP,SELL,1,1635168488478
2.14313,ADA-USDT-SWAP,SELL,1,1635168489425
2.14314,ADA-USDT-SWAP,BUY,3,1635168489864
2.14329,ADA-USDT-SWAP,BUY,1,1635168491113
2.14329,ADA-USDT-SWAP,BUY,9,1635168491113
2.14314,ADA-USDT-SWAP,BUY,2,1635168496918
2.1432,ADA-USDT-SWAP,BUY,18,1635168497753
2.1432,ADA-USDT-SWAP,BUY,2,1635168497753
2.1432,ADA-USDT-SWAP,BUY,6,1635168497753
2.1432,ADA-USDT-SWAP,BUY,25,1635168497753
2.1432,ADA-USDT-SWAP,BUY,1,1635168497753
2.1432,ADA-USDT-SWAP,BUY,57,1635168497753
2.14328,ADA-USDT-SWAP,BUY,2,1635168497753
2.14328,ADA-USDT-SWAP,BUY,1,1635168497753
2.14339,ADA-USDT-SWAP,BUY,1,1635168497753
2.14356,ADA-USDT-SWAP,BUY,11,1635168497753
2.14357,ADA-USDT-SWAP,BUY,80,1635168497753
2.14358,ADA-USDT-SWAP,BUY,47,1635168497753
2.14372,ADA-USDT-SWAP,BUY,8,1635168497753
2.14373,ADA-USDT-SWAP,BUY,10,1635168497753
2.14375,ADA-USDT-SWAP,BUY,1,1635168497753
2.1438,ADA-USDT-SWAP,BUY,47,1635168497753
2.14383,ADA-USDT-SWAP,BUY,2,1635168497753
2.14385,ADA-USDT-SWAP,BUY,6,1635168497753
2.14398,ADA-USDT-SWAP,BUY,11,1635168497753
2.14399,ADA-USDT-SWAP,BUY,1,1635168497753
2.144,ADA-USDT-SWAP,BUY,12,1635168497753
2.14401,ADA-USDT-SWAP,BUY,16,1635168497753
2.14402,ADA-USDT-SWAP,BUY,47,1635168497753
2.14405,ADA-USDT-SWAP,BUY,5,1635168497753
2.14408,ADA-USDT-SWAP,BUY,1,1635168497753
2.1442,ADA-USDT-SWAP,BUY,1,1635168497753
2.14421,ADA-USDT-SWAP,BUY,6,1635168497753
2.14422,ADA-USDT-SWAP,BUY,2,1635168497753
2.14424,ADA-USDT-SWAP,BUY,4,1635168497753
2.14424,ADA-USDT-SWAP,BUY,47,1635168497753
2.14425,ADA-USDT-SWAP,BUY,6,1635168497753
2.14425,ADA-USDT-SWAP,BUY,19,1635168497753
2.14431,ADA-USDT-SWAP,BUY,1,1635168497753
2.14432,ADA-USDT-SWAP,BUY,47,1635168497753
2.1444,ADA-USDT-SWAP,BUY,11,1635168497753
2.14441,ADA-USDT-SWAP,BUY,11,1635168497753
2.14446,ADA-USDT-SWAP,BUY,47,1635168497753
2.14449,ADA-USDT-SWAP,BUY,29,1635168497753
2.14455,ADA-USDT-SWAP,BUY,2,1635168497753
2.14457,ADA-USDT-SWAP,BUY,2,1635168497753
2.14459,ADA-USDT-SWAP,BUY,5,1635168497753
2.14461,ADA-USDT-SWAP,BUY,2,1635168497753
2.14463,ADA-USDT-SWAP,BUY,5,1635168497753
2.14464,ADA-USDT-SWAP,BUY,6,1635168497753
2.14465,ADA-USDT-SWAP,BUY,2,1635168497753
2.14468,ADA-USDT-SWAP,BUY,8,1635168497753
2.1447,ADA-USDT-SWAP,BUY,1,1635168497753
2.14472,ADA-USDT-SWAP,BUY,23,1635168497753
2.14474,ADA-USDT-SWAP,BUY,3,1635168497753
2.14475,ADA-USDT-SWAP,BUY,47,1635168497753
2.14479,ADA-USDT-SWAP,BUY,4,1635168497753
2.14481,ADA-USDT-SWAP,BUY,5,1635168497753
2.14485,ADA-USDT-SWAP,BUY,26,1635168497753
2.14485,ADA-USDT-SWAP,BUY,5,1635168497753
2.14486,ADA-USDT-SWAP,BUY,136,1635168497753
2.14355,ADA-USDT-SWAP,BUY,1,1635168497776
2.14401,ADA-USDT-SWAP,BUY,1,1635168500156
2.14401,ADA-USDT-SWAP,BUY,57,1635168500156
2.14412,ADA-USDT-SWAP,BUY,6,1635168500156
2.14413,ADA-USDT-SWAP,BUY,1,1635168500156
2.14422,ADA-USDT-SWAP,BUY,6,1635168500156
2.14423,ADA-USDT-SWAP,BUY,47,1635168500156
2.14444,ADA-USDT-SWAP,BUY,1,1635168500156
2.14445,ADA-USDT-SWAP,BUY,47,1635168500156
2.14453,ADA-USDT-SWAP,BUY,11,1635168500156
2.14465,ADA-USDT-SWAP,BUY,4,1635168500156
2.14466,ADA-USDT-SWAP,BUY,1,1635168500156
2.14472,ADA-USDT-SWAP,BUY,10,1635168500156
2.14486,ADA-USDT-SWAP,BUY,6,1635168500156
2.14486,ADA-USDT-SWAP,BUY,47,1635168500156
2.14487,ADA-USDT-SWAP,BUY,11,1635168500156
2.14489,ADA-USDT-SWAP,BUY,23,1635168500156
2.14489,ADA-USDT-SWAP,BUY,16,1635168500156
2.14489,ADA-USDT-SWAP,BUY,78,1635168500156
2.1449,ADA-USDT-SWAP,BUY,20,1635168500156
2.14496,ADA-USDT-SWAP,BUY,11,1635168500156
2.14505,ADA-USDT-SWAP,BUY,23,1635168500156
2.14506,ADA-USDT-SWAP,BUY,1,1635168500156
2.14507,ADA-USDT-SWAP,BUY,2,1635168500156
2.14509,ADA-USDT-SWAP,BUY,18,1635168500156
2.1451,ADA-USDT-SWAP,BUY,91,1635168500156
2.14511,ADA-USDT-SWAP,BUY,47,1635168500156
2.14515,ADA-USDT-SWAP,BUY,1,1635168500156
2.14517,ADA-USDT-SWAP,BUY,23,1635168500156
2.1452,ADA-USDT-SWAP,BUY,1,1635168500156
2.14521,ADA-USDT-SWAP,BUY,5,1635168500156
2.14526,ADA-USDT-SWAP,BUY,49,1635168500156
2.14527,ADA-USDT-SWAP,BUY,48,1635168500156
2.14528,ADA-USDT-SWAP,BUY,1,1635168500156
2.14533,ADA-USDT-SWAP,BUY,5,1635168500156
2.14539,ADA-USDT-SWAP,BUY,11,1635168500156
2.14544,ADA-USDT-SWAP,BUY,23,1635168500156
2.14546,ADA-USDT-SWAP,BUY,2,1635168500156
2.14456,ADA-USDT-SWAP,BUY,38,1635168500163
2.145,ADA-USDT-SWAP,SELL,1,1635168500365
2.1447,ADA-USDT-SWAP,SELL,1,1635168500382
2.14437,ADA-USDT-SWAP,BUY,6,1635168501059
2.14437,ADA-USDT-SWAP,BUY,2,1635168501059
2.14441,ADA-USDT-SWAP,SELL,1,1635168501579
2.14441,ADA-USDT-SWAP,SELL,1,1635168501723
2.14441,ADA-USDT-SWAP,SELL,1,1635168501736
2.14441,ADA-USDT-SWAP,SELL,2,1635168501736
2.14442,ADA-USDT-SWAP,BUY,1,1635168501843
2.14442,ADA-USDT-SWAP,BUY,6,1635168501843
2.14442,ADA-USDT-SWAP,BUY,15,1635168501843
2.14442,ADA-USDT-SWAP,BUY,57,1635168501843
2.14442,ADA-USDT-SWAP,BUY,2,1635168501843
2.14446,ADA-USDT-SWAP,BUY,6,1635168501843
2.14447,ADA-USDT-SWAP,BUY,1,1635168501843
2.14459,ADA-USDT-SWAP,BUY,1,1635168501843
2.14464,ADA-USDT-SWAP,BUY,10,1635168501843
2.1447,ADA-USDT-SWAP,BUY,1,1635168501843
2.14471,ADA-USDT-SWAP,BUY,2,1635168501843
2.14471,ADA-USDT-SWAP,BUY,1,1635168501843
2.14472,ADA-USDT-SWAP,BUY,6,1635168501843
2.14483,ADA-USDT-SWAP,BUY,1,1635168501843
2.14484,ADA-USDT-SWAP,BUY,16,1635168501843
2.14487,ADA-USDT-SWAP,BUY,11,1635168501843
2.14504,ADA-USDT-SWAP,BUY,1,1635168501843
2.14505,ADA-USDT-SWAP,BUY,23,1635168501843
2.14516,ADA-USDT-SWAP,BUY,3,1635168501843
2.14516,ADA-USDT-SWAP,BUY,2,1635168501843
2.1452,ADA-USDT-SWAP,BUY,1,1635168501843
2.14522,ADA-USDT-SWAP,BUY,6,1635168501843
2.1453,ADA-USDT-SWAP,BUY,11,1635168501843
2.14538,ADA-USDT-SWAP,BUY,18,1635168501843
2.1454,ADA-USDT-SWAP,BUY,3,1635168501843
2.14544,ADA-USDT-SWAP,BUY,16,1635168501843
2.14545,ADA-USDT-SWAP,BUY,47,1635168501843
2.14546,ADA-USDT-SWAP,BUY,87,1635168501843
2.14546,ADA-USDT-SWAP,BUY,23,1635168501843
2.14547,ADA-USDT-SWAP,BUY,6,1635168501843
2.1455,ADA-USDT-SWAP,BUY,12,1635168501843
2.14551,ADA-USDT-SWAP,BUY,1,1635168501843
2.14551,ADA-USDT-SWAP,BUY,3,1635168501843
2.14554,ADA-USDT-SWAP,BUY,47,1635168501843
2.14559,ADA-USDT-SWAP,BUY,23,1635168501843
2.14559,ADA-USDT-SWAP,BUY,2,1635168501843
2.14561,ADA-USDT-SWAP,BUY,5,1635168501843
2.14563,ADA-USDT-SWAP,BUY,1,1635168501843
2.14565,ADA-USDT-SWAP,BUY,6,1635168501843
2.14566,ADA-USDT-SWAP,BUY,6,1635168501843
2.14567,ADA-USDT-SWAP,BUY,37,1635168501843
2.14573,ADA-USDT-SWAP,BUY,11,1635168501843
2.14575,ADA-USDT-SWAP,BUY,5,1635168501843
2.14576,ADA-USDT-SWAP,BUY,47,1635168501843
2.14581,ADA-USDT-SWAP,BUY,48,1635168501843
2.14582,ADA-USDT-SWAP,BUY,5,1635168501843
2.14582,ADA-USDT-SWAP,BUY,1,1635168501843
2.14584,ADA-USDT-SWAP,BUY,37,1635168501843
2.14585,ADA-USDT-SWAP,BUY,1,1635168501843
2.14585,ADA-USDT-SWAP,BUY,2,1635168501843
2.14589,ADA-USDT-SWAP,BUY,11,1635168501843
2.1459,ADA-USDT-SWAP,BUY,1,1635168501843
2.1459,ADA-USDT-SWAP,BUY,8,1635168501843
2.146,ADA-USDT-SWAP,BUY,1,1635168501843
2.14601,ADA-USDT-SWAP,BUY,2,1635168501843
2.14603,ADA-USDT-SWAP,BUY,26,1635168501843
2.14608,ADA-USDT-SWAP,BUY,1,1635168501843
2.14608,ADA-USDT-SWAP,BUY,6,1635168501843
2.1461,ADA-USDT-SWAP,BUY,67,1635168501843
2.14611,ADA-USDT-SWAP,BUY,1,1635168501843
2.14611,ADA-USDT-SWAP,BUY,3,1635168501843
2.14613,ADA-USDT-SWAP,BUY,47,1635168501843
2.14614,ADA-USDT-SWAP,BUY,1,1635168501843
2.1462,ADA-USDT-SWAP,BUY,1,1635168501843
2.14621,ADA-USDT-SWAP,BUY,1,1635168501843
2.14621,ADA-USDT-SWAP,BUY,25,1635168501843
2.14622,ADA-USDT-SWAP,BUY,175,1635168501843
2.14625,ADA-USDT-SWAP,BUY,112,1635168501843
2.14628,ADA-USDT-SWAP,BUY,1,1635168501843
2.14629,ADA-USDT-SWAP,BUY,1,1635168501843
2.14632,ADA-USDT-SWAP,BUY,23,1635168501843
2.14638,ADA-USDT-SWAP,BUY,1,1635168501843
2.14639,ADA-USDT-SWAP,BUY,47,1635168501843
2.14645,ADA-USDT-SWAP,BUY,12,1635168501843
2.14646,ADA-USDT-SWAP,BUY,1,1635168501843
2.14647,ADA-USDT-SWAP,BUY,9,1635168501843
2.14651,ADA-USDT-SWAP,BUY,1,1635168501843
2.14655,ADA-USDT-SWAP,BUY,2,1635168501843
2.14656,ADA-USDT-SWAP,BUY,93,1635168501843
2.14658,ADA-USDT-SWAP,BUY,12,1635168501843
2.14659,ADA-USDT-SWAP,BUY,1,1635168501843
2.14661,ADA-USDT-SWAP,BUY,3,1635168501843
2.14665,ADA-USDT-SWAP,BUY,47,1635168501843
2.14671,ADA-USDT-SWAP,BUY,1,1635168501843
2.14676,ADA-USDT-SWAP,BUY,12,1635168501843
2.14676,ADA-USDT-SWAP,BUY,1,1635168501843
2.14681,ADA-USDT-SWAP,BUY,1,1635168501843
2.14681,ADA-USDT-SWAP,BUY,4,1635168501843
2.14682,ADA-USDT-SWAP,BUY,1,1635168501843
2.14697,ADA-USDT-SWAP,BUY,54,1635168501843
2.14441,ADA-USDT-SWAP,SELL,1,1635168501852
2.14442,ADA-USDT-SWAP,BUY,1,1635168501858
2.14515,ADA-USDT-SWAP,BUY,1,1635168501858
2.14697,ADA-USDT-SWAP,BUY,12,1635168501858
2.14697,ADA-USDT-SWAP,BUY,121,1635168501858
2.14507,ADA-USDT-SWAP,BUY,1,1635168501888
2.14543,ADA-USDT-SWAP,BUY,1,1635168501927
2.14544,ADA-USDT-SWAP,BUY,57,1635168501927
2.14554,ADA-USDT-SWAP,BUY,1,1635168501957
2.14561,ADA-USDT-SWAP,BUY,3,1635168501957
2.14554,ADA-USDT-SWAP,BUY,1,1635168501988
2.14548,ADA-USDT-SWAP,BUY,1,1635168502186
2.14554,ADA-USDT-SWAP,BUY,1,1635168502194
2.14554,ADA-USDT-SWAP,BUY,6,1635168502194
2.14554,ADA-USDT-SWAP,BUY,4,1635168502216
2.14554,ADA-USDT-SWAP,BUY,1,1635168502216
2.14554,ADA-USDT-SWAP,BUY,4,1635168502217
2.14554,ADA-USDT-SWAP,BUY,20,1635168502237
2.14564,ADA-USDT-SWAP,BUY,1,1635168502237
2.14554,ADA-USDT-SWAP,BUY,22,1635168502269
2.14553,ADA-USDT-SWAP,SELL,1,1635168503343
2.14554,ADA-USDT-SWAP,BUY,2,1635168503844
2.14554,ADA-USDT-SWAP,BUY,15,1635168503844
2.14554,ADA-USDT-SWAP,BUY,1,1635168503844
2.14554,ADA-USDT-SWAP,BUY,57,1635168503844
2.14562,ADA-USDT-SWAP,BUY,9,1635168503844
2.14564,ADA-USDT-SWAP,BUY,1,1635168503844
2.14577,ADA-USDT-SWAP,BUY,4,1635168503844
2.14585,ADA-USDT-SWAP,BUY,6,1635168503844
2.1459,ADA-USDT-SWAP,BUY,12,1635168503844
2.14595,ADA-USDT-SWAP,BUY,1,1635168503844
2.14607,ADA-USDT-SWAP,BUY,23,1635168503844
2.1461,ADA-USDT-SWAP,BUY,11,1635168503844
2.14619,ADA-USDT-SWAP,BUY,1,1635168503844
2.14619,ADA-USDT-SWAP,BUY,3,1635168503844
2.1462,ADA-USDT-SWAP,BUY,1,1635168503844
2.14625,ADA-USDT-SWAP,BUY,1,1635168503844
2.14629,ADA-USDT-SWAP,BUY,6,1635168503844
2.14653,ADA-USDT-SWAP,BUY,11,1635168503844
2.14654,ADA-USDT-SWAP,BUY,18,1635168503844
2.14655,ADA-USDT-SWAP,BUY,47,1635168503844
2.14659,ADA-USDT-SWAP,BUY,17,1635168503844
2.14683,ADA-USDT-SWAP,BUY,27,1635168503844
2.14686,ADA-USDT-SWAP,BUY,37,1635168503844
2.14687,ADA-USDT-SWAP,BUY,57,1635168503844
2.14687,ADA-USDT-SWAP,BUY,11,1635168503844
2.14693,ADA-USDT-SWAP,BUY,8,1635168503844
2.14696,ADA-USDT-SWAP,BUY,11,1635168503844
2.14697,ADA-USDT-SWAP,BUY,1,1635168503844
2.14698,ADA-USDT-SWAP,BUY,47,1635168503844
2.14709,ADA-USDT-SWAP,BUY,42,1635168503844
2.1471,ADA-USDT-SWAP,BUY,37,1635168503844
2.14711,ADA-USDT-SWAP,BUY,23,1635168503844
2.14719,ADA-USDT-SWAP,BUY,1,1635168503844
2.1472,ADA-USDT-SWAP,BUY,1,1635168503844
2.14723,ADA-USDT-SWAP,BUY,1,1635168503844
2.14723,ADA-USDT-SWAP,BUY,23,1635168503844
2.14729,ADA-USDT-SWAP,BUY,48,1635168503844
2.14735,ADA-USDT-SWAP,BUY,19,1635168503844
2.14737,ADA-USDT-SWAP,BUY,1,1635168503844
2.14739,ADA-USDT-SWAP,BUY,1,1635168503844
2.1474,ADA-USDT-SWAP,BUY,47,1635168503844
2.14741,ADA-USDT-SWAP,BUY,27,1635168503844
2.14741,ADA-USDT-SWAP,BUY,12,1635168503844
2.14742,ADA-USDT-SWAP,BUY,175,1635168503844
2.14753,ADA-USDT-SWAP,BUY,1,1635168503844
2.14757,ADA-USDT-SWAP,BUY,2,1635168503844
2.14761,ADA-USDT-SWAP,BUY,1,1635168503844
2.14762,ADA-USDT-SWAP,BUY,1,1635168503844
2.14763,ADA-USDT-SWAP,BUY,47,1635168503844
2.14777,ADA-USDT-SWAP,BUY,11,1635168503844
2.14779,ADA-USDT-SWAP,BUY,12,1635168503844
2.14784,ADA-USDT-SWAP,BUY,1,1635168503844
2.14784,ADA-USDT-SWAP,BUY,26,1635168503844
2.14793,ADA-USDT-SWAP,BUY,1,1635168503844
2.14795,ADA-USDT-SWAP,BUY,47,1635168503844
2.14802,ADA-USDT-SWAP,BUY,67,1635168503844
2.14805,ADA-USDT-SWAP,BUY,1,1635168503844
2.1481,ADA-USDT-SWAP,BUY,16,1635168503844
2.1482,ADA-USDT-SWAP,BUY,1,1635168503844
2.1482,ADA-USDT-SWAP,BUY,11,1635168503844
2.14827,ADA-USDT-SWAP,BUY,1,1635168503844
2.14829,ADA-USDT-SWAP,BUY,47,1635168503844
2.14832,ADA-USDT-SWAP,BUY,1,1635168503844
2.1484,ADA-USDT-SWAP,BUY,2,1635168503844
2.14845,ADA-USDT-SWAP,BUY,1,1635168503844
2.14848,ADA-USDT-SWAP,BUY,1,1635168503844
2.14853,ADA-USDT-SWAP,BUY,35,1635168503844
2.14854,ADA-USDT-SWAP,BUY,70,1635168503844
2.14856,ADA-USDT-SWAP,BUY,187,1635168503844
2.1486,ADA-USDT-SWAP,BUY,1,1635168503844
2.14869,ADA-USDT-SWAP,BUY,1,1635168503844
2.14879,ADA-USDT-SWAP,BUY,10,1635168503844
2.14879,ADA-USDT-SWAP,BUY,2,1635168503853
2.14621,ADA-USDT-SWAP,SELL,2,1635168503889
2.14623,ADA-USDT-SWAP,BUY,12,1635168503919
2.14623,ADA-USDT-SWAP,BUY,2,1635168503929
2.14622,ADA-USDT-SWAP,BUY,4,1635168503934
2.14623,ADA-USDT-SWAP,BUY,19,1635168503934
2.14649,ADA-USDT-SWAP,BUY,1,1635168503953
2.14657,ADA-USDT-SWAP,BUY,3,1635168503973
2.14657,ADA-USDT-SWAP,BUY,1,1635168503994
2.14657,ADA-USDT-SWAP,BUY,7,1635168504079
2.14656,ADA-USDT-SWAP,SELL,1,1635168504088
2.14657,ADA-USDT-SWAP,BUY,19,1635168504099
2.14657,ADA-USDT-SWAP,BUY,1,1635168504121
2.14657,ADA-USDT-SWAP,BUY,16,1635168504134
2.14657,ADA-USDT-SWAP,BUY,10,1635168504152
2.14659,ADA-USDT-SWAP,SELL,1,1635168504219
2.1466,ADA-USDT-SWAP,BUY,2,1635168504231
2.14663,ADA-USDT-SWAP,BUY,1,1635168504231
2.14667,ADA-USDT-SWAP,BUY,1,1635168504231
2.14667,ADA-USDT-SWAP,BUY,1,1635168504309
2.14677,ADA-USDT-SWAP,BUY,1,1635168504396
2.14686,ADA-USDT-SWAP,BUY,1,1635168504396
2.14705,ADA-USDT-SWAP,BUY,1,1635168504396
2.14706,ADA-USDT-SWAP,BUY,6,1635168504396
2.14667,ADA-USDT-SWAP,SELL,1,1635168504713
2.14667,ADA-USDT-SWAP,SELL,1,1635168504893
2.14665,ADA-USDT-SWAP,SELL,1,1635168504994
2.14665,ADA-USDT-SWAP,SELL,1,1635168505068
2.14665,ADA-USDT-SWAP,SELL,1,1635168505411
2.14665,ADA-USDT-SWAP,SELL,2,1635168505417
2.14665,ADA-USDT-SWAP,SELL,1,1635168505573
2.14665,ADA-USDT-SWAP,SELL,12,1635168505864
2.14665,ADA-USDT-SWAP,SELL,2,1635168505864
2.14665,ADA-USDT-SWAP,SELL,1,1635168505864
2.14665,ADA-USDT-SWAP,SELL,3,1635168505864
2.14648,ADA-USDT-SWAP,SELL,1,1635168505944
2.14647,ADA-USDT-SWAP,SELL,48,1635168505944
2.14648,ADA-USDT-SWAP,SELL,1,1635168505961
2.14632,ADA-USDT-SWAP,SELL,3,1635168505961
2.14633,ADA-USDT-SWAP,SELL,1,1635168505981
2.14632,ADA-USDT-SWAP,SELL,1,1635168505981
2.14631,ADA-USDT-SWAP,SELL,2,1635168505981
2.14601,ADA-USDT-SWAP,SELL,1,1635168506101
2.146,ADA-USDT-SWAP,SELL,1,1635168506104
2.14589,ADA-USDT-SWAP,SELL,1,1635168506180
2.14589,ADA-USDT-SWAP,SELL,4,1635168506194
2.14589,ADA-USDT-SWAP,SELL,1,1635168506194
2.14579,ADA-USDT-SWAP,SELL,2,1635168506224
2.14576,ADA-USDT-SWAP,SELL,1,1635168506224
2.1457,ADA-USDT-SWAP,SELL,1,1635168506473
2.1457,ADA-USDT-SWAP,SELL,9,1635168506782
2.1457,ADA-USDT-SWAP,SELL,7,1635168506782
2.1457,ADA-USDT-SWAP,SELL,5,1635168506791
2.14562,ADA-USDT-SWAP,SELL,6,1635168506816
2.14562,ADA-USDT-SWAP,SELL,7,1635168506816
2.14545,ADA-USDT-SWAP,SELL,1,1635168506863
2.14545,ADA-USDT-SWAP,SELL,1,1635168506907
2.14545,ADA-USDT-SWAP,SELL,2,1635168507698
2.14545,ADA-USDT-SWAP,SELL,1,1635168507700
2.14545,ADA-USDT-SWAP,SELL,7,1635168507700
2.14545,ADA-USDT-SWAP,SELL,5,1635168507807
2.1453,ADA-USDT-SWAP,SELL,4,1635168507807
2.1453,ADA-USDT-SWAP,SELL,1,1635168507846
2.1453,ADA-USDT-SWAP,SELL,1,1635168507931
2.14528,ADA-USDT-SWAP,SELL,1,1635168508305
2.14529,ADA-USDT-SWAP,BUY,22,1635168508548
2.14529,ADA-USDT-SWAP,BUY,57,1635168508548
2.14529,ADA-USDT-SWAP,BUY,7,1635168508548
2.14529,ADA-USDT-SWAP,BUY,1,1635168508548
2.1453,ADA-USDT-SWAP,BUY,1,1635168508548
2.14531,ADA-USDT-SWAP,BUY,22,1635168508548
2.14531,ADA-USDT-SWAP,BUY,3,1635168508548
2.14536,ADA-USDT-SWAP,BUY,4,1635168508557
2.14545,ADA-USDT-SWAP,BUY,3,1635168508575
2.14556,ADA-USDT-SWAP,BUY,1,1635168508575
2.1457,ADA-USDT-SWAP,BUY,7,1635168508575
2.14571,ADA-USDT-SWAP,BUY,2,1635168508575
2.14571,ADA-USDT-SWAP,BUY,10,1635168508575
2.14571,ADA-USDT-SWAP,BUY,3,1635168508575
2.1457,ADA-USDT-SWAP,BUY,1,1635168508589
2.14571,ADA-USDT-SWAP,BUY,1,1635168508633
2.14582,ADA-USDT-SWAP,SELL,6,1635168508760
2.14582,ADA-USDT-SWAP,SELL,1,1635168508760
2.14573,ADA-USDT-SWAP,SELL,2,1635168508798
2.14544,ADA-USDT-SWAP,BUY,15,1635168509611
2.14544,ADA-USDT-SWAP,BUY,42,1635168509611
2.14538,ADA-USDT-SWAP,SELL,1,1635168509626
2.14558,ADA-USDT-SWAP,BUY,1,1635168509635
2.14539,ADA-USDT-SWAP,BUY,15,1635168509657
2.14558,ADA-USDT-SWAP,SELL,6,1635168511789
2.14558,ADA-USDT-SWAP,SELL,2,1635168511818
2.14531,ADA-USDT-SWAP,SELL,1,1635168514647
2.14531,ADA-USDT-SWAP,SELL,1,1635168514736
2.14531,ADA-USDT-SWAP,SELL,1,1635168517695
2.14531,ADA-USDT-SWAP,SELL,1,1635168518322
2.1453,ADA-USDT-SWAP,SELL,5,1635168520158
2.14521,ADA-USDT-SWAP,SELL,9,1635168520179
2.14511,ADA-USDT-SWAP,SELL,1,1635168520185
2.14511,ADA-USDT-SWAP,SELL,4,1635168520185
2.14511,ADA-USDT-SWAP,SELL,11,1635168520187
2.14511,ADA-USDT-SWAP,SELL,1,1635168520194
2.14508,ADA-USDT-SWAP,SELL,2,1635168520194
2.14504,ADA-USDT-SWAP,SELL,7,1635168520196
2.14504,ADA-USDT-SWAP,SELL,11,1635168520197
2.14504,ADA-USDT-SWAP,SELL,6,1635168520207
2.14501,ADA-USDT-SWAP,SELL,9,1635168520245
2.145,ADA-USDT-SWAP,SELL,1,1635168520715
2.14456,ADA-USDT-SWAP,SELL,2,1635168528033
2.14456,ADA-USDT-SWAP,SELL,4,1635168528033
2.14456,ADA-USDT-SWAP,SELL,1,1635168528033
2.14413,ADA-USDT-SWAP,SELL,1,1635168532701
2.14413,ADA-USDT-SWAP,SELL,1,1635168532771
2.14413,ADA-USDT-SWAP,SELL,1,1635168533580
2.14413,ADA-USDT-SWAP,SELL,45,1635168533867
2.14413,ADA-USDT-SWAP,SELL,6,1635168533867
2.14402,ADA-USDT-SWAP,SELL,6,1635168534509
2.1441,ADA-USDT-SWAP,BUY,1,1635168534735
2.144,ADA-USDT-SWAP,SELL,1,1635168537845
2.144,ADA-USDT-SWAP,SELL,3,1635168537845
2.144,ADA-USDT-SWAP,SELL,1,1635168538628
2.14391,ADA-USDT-SWAP,SELL,2,1635168539727
2.14395,ADA-USDT-SWAP,BUY,34,1635168544899
2.144,ADA-USDT-SWAP,BUY,7,1635168544927
2.144,ADA-USDT-SWAP,BUY,1,1635168544927
2.14402,ADA-USDT-SWAP,BUY,1,1635168544927
2.1442,ADA-USDT-SWAP,BUY,1,1635168544927
2.1442,ADA-USDT-SWAP,SELL,1,1635168546198
2.14421,ADA-USDT-SWAP,BUY,15,1635168558617
2.14426,ADA-USDT-SWAP,BUY,5,1635168558620
2.14427,ADA-USDT-SWAP,BUY,1,1635168558620
2.14427,ADA-USDT-SWAP,BUY,8,1635168558623
2.14427,ADA-USDT-SWAP,BUY,25,1635168558647
2.14441,ADA-USDT-SWAP,BUY,1,1635168558647
2.14449,ADA-USDT-SWAP,BUY,1,1635168558673
2.14449,ADA-USDT-SWAP,BUY,6,1635168558682
2.14449,ADA-USDT-SWAP,BUY,6,1635168558708
2.14467,ADA-USDT-SWAP,SELL,1,1635168559140
2.14467,ADA-USDT-SWAP,SELL,9,1635168559170
2.14421,ADA-USDT-SWAP,SELL,2,1635168559363
2.14421,ADA-USDT-SWAP,SELL,1,1635168560724
2.14421,ADA-USDT-SWAP,SELL,1,1635168567553
2.1442,ADA-USDT-SWAP,SELL,1,1635168567553
2.1442,ADA-USDT-SWAP,SELL,2,1635168567553
2.1442,ADA-USDT-SWAP,SELL,1,1635168567558
2.1442,ADA-USDT-SWAP,SELL,1,1635168567593
2.14401,ADA-USDT-SWAP,BUY,2,1635168573346
2.144,ADA-USDT-SWAP,SELL,1,1635168575392
2.144,ADA-USDT-SWAP,SELL,1,1635168576407
2.144,ADA-USDT-SWAP,SELL,1,1635168577540
2.14399,ADA-USDT-SWAP,SELL,1,1635168580093
2.14388,ADA-USDT-SWAP,SELL,1,1635168585797
2.14396,ADA-USDT-SWAP,SELL,1,1635168597896
2.14396,ADA-USDT-SWAP,SELL,2,1635168601915
2.14396,ADA-USDT-SWAP,SELL,2,1635168603909
2.14396,ADA-USDT-SWAP,SELL,1,1635168607877
2.14396,ADA-USDT-SWAP,SELL,2,1635168609930
2.14397,ADA-USDT-SWAP,BUY,4,1635168612657
2.14397,ADA-USDT-SWAP,BUY,3,1635168612667
2.14397,ADA-USDT-SWAP,BUY,3,1635168612670
2.14399,ADA-USDT-SWAP,BUY,1,1635168612692
2.1441,ADA-USDT-SWAP,BUY,1,1635168612692
2.14414,ADA-USDT-SWAP,BUY,9,1635168612695
2.14414,ADA-USDT-SWAP,BUY,2,1635168612731
2.14414,ADA-USDT-SWAP,BUY,1,1635168612731
2.1442,ADA-USDT-SWAP,BUY,1,1635168612825
2.1442,ADA-USDT-SWAP,BUY,1,1635168612842
2.1442,ADA-USDT-SWAP,BUY,11,1635168614425
2.1442,ADA-USDT-SWAP,BUY,1,1635168614515
2.1442,ADA-USDT-SWAP,BUY,10,1635168614515
2.1442,ADA-USDT-SWAP,BUY,2,1635168614515
2.14425,ADA-USDT-SWAP,BUY,6,1635168614515
2.1443,ADA-USDT-SWAP,BUY,1,1635168614561
2.1443,ADA-USDT-SWAP,BUY,6,1635168614561
2.14436,ADA-USDT-SWAP,BUY,18,1635168614561
2.14437,ADA-USDT-SWAP,BUY,15,1635168614561
2.1443,ADA-USDT-SWAP,BUY,1,1635168614606
2.14427,ADA-USDT-SWAP,SELL,1,1635168620532
2.1442,ADA-USDT-SWAP,SELL,3,1635168621210
2.14419,ADA-USDT-SWAP,SELL,1,1635168621249
2.144,ADA-USDT-SWAP,SELL,1,1635168629174
2.14397,ADA-USDT-SWAP,SELL,4,1635168629206
2.14372,ADA-USDT-SWAP,BUY,1,1635168629881
2.14372,ADA-USDT-SWAP,BUY,1,1635168631908
2.14372,ADA-USDT-SWAP,BUY,5,1635168632202
2.14372,ADA-USDT-SWAP,BUY,6,1635168632210
2.14382,ADA-USDT-SWAP,BUY,1,1635168635958
2.14382,ADA-USDT-SWAP,BUY,13,1635168635958
2.14382,ADA-USDT-SWAP,BUY,1,1635168635958
2.14382,ADA-USDT-SWAP,BUY,4,1635168635958
2.14382,ADA-USDT-SWAP,BUY,6,1635168635958
2.14391,ADA-USDT-SWAP,BUY,2,1635168635982
2.14392,ADA-USDT-SWAP,BUY,1,1635168635997
2.14418,ADA-USDT-SWAP,BUY,17,1635168635997
2.14412,ADA-USDT-SWAP,BUY,1,1635168636005
2.14397,ADA-USDT-SWAP,BUY,5,1635168640709
2.14394,ADA-USDT-SWAP,SELL,4,1635168646710
2.14383,ADA-USDT-SWAP,SELL,1,1635168646993
2.14373,ADA-USDT-SWAP,BUY,1,1635168647911
2.14395,ADA-USDT-SWAP,SELL,7,1635168649705
2.14394,ADA-USDT-SWAP,SELL,1,1635168651926
2.14394,ADA-USDT-SWAP,SELL,2,1635168651984
2.14393,ADA-USDT-SWAP,SELL,3,1635168651984
2.14372,ADA-USDT-SWAP,SELL,2,1635168652051
2.14372,ADA-USDT-SWAP,SELL,6,1635168654539
2.1435,ADA-USDT-SWAP,SELL,2,1635168654539
2.14335,ADA-USDT-SWAP,SELL,1,1635168654599
2.14332,ADA-USDT-SWAP,SELL,2,1635168654599
2.1433,ADA-USDT-SWAP,BUY,12,1635168654810
2.14345,ADA-USDT-SWAP,BUY,1,1635168654924
2.14339,ADA-USDT-SWAP,BUY,3,1635168659872
2.14338,ADA-USDT-SWAP,SELL,1,1635168666110
2.14334,ADA-USDT-SWAP,SELL,1,1635168666110
2.14329,ADA-USDT-SWAP,BUY,1,1635168667885
2.14334,ADA-USDT-SWAP,BUY,1,1635168667940
2.14339,ADA-USDT-SWAP,BUY,1,1635168668348
2.14339,ADA-USDT-SWAP,BUY,1,1635168669953
2.14349,ADA-USDT-SWAP,BUY,1,1635168669985
2.14371,ADA-USDT-SWAP,SELL,1,1635168671680
2.14371,ADA-USDT-SWAP,SELL,1,1635168673052
2.14348,ADA-USDT-SWAP,SELL,2,1635168673137
2.14348,ADA-USDT-SWAP,BUY,1,1635168673952
2.14348,ADA-USDT-SWAP,BUY,5,1635168673952
2.14348,ADA-USDT-SWAP,BUY,1,1635168676871
2.14359,ADA-USDT-SWAP,BUY,1,1635168676873
2.14371,ADA-USDT-SWAP,SELL,2,1635168677662
2.14371,ADA-USDT-SWAP,SELL,6,1635168677662
2.14358,ADA-USDT-SWAP,SELL,13,1635168681051
2.14358,ADA-USDT-SWAP,SELL,2,1635168681051
2.14358,ADA-USDT-SWAP,SELL,1,1635168681051
2.14358,ADA-USDT-SWAP,SELL,6,1635168681051
2.14358,ADA-USDT-SWAP,SELL,2,1635168681051
2.14358,ADA-USDT-SWAP,SELL,1,1635168681694
2.14358,ADA-USDT-SWAP,SELL,1,1635168684632
2.14359,ADA-USDT-SWAP,BUY,1,1635168690632
2.14359,ADA-USDT-SWAP,BUY,3,1635168690632
2.14372,ADA-USDT-SWAP,BUY,4,1635168692452
2.14372,ADA-USDT-SWAP,BUY,2,1635168692452
2.14382,ADA-USDT-SWAP,BUY,1,1635168692489
2.14412,ADA-USDT-SWAP,SELL,13,1635168693804
2.14412,ADA-USDT-SWAP,SELL,6,1635168693804
2.14412,ADA-USDT-SWAP,SELL,26,1635168693804
2.14413,ADA-USDT-SWAP,BUY,1,1635168694484
2.14413,ADA-USDT-SWAP,BUY,10,1635168694819
2.14413,ADA-USDT-SWAP,BUY,3,1635168694831
2.1442,ADA-USDT-SWAP,BUY,1,1635168695601
2.1442,ADA-USDT-SWAP,BUY,4,1635168695601
2.14423,ADA-USDT-SWAP,BUY,1,1635168695627
2.14434,ADA-USDT-SWAP,BUY,1,1635168696503
2.14434,ADA-USDT-SWAP,BUY,5,1635168696517
2.14437,ADA-USDT-SWAP,BUY,1,1635168696676
2.14438,ADA-USDT-SWAP,BUY,6,1635168696697
2.14444,ADA-USDT-SWAP,BUY,1,1635168696718
2.14468,ADA-USDT-SWAP,BUY,2,1635168696830
2.14491,ADA-USDT-SWAP,BUY,1,1635168698284
2.14491,ADA-USDT-SWAP,BUY,13,1635168698284
2.14501,ADA-USDT-SWAP,BUY,1,1635168698355
2.14506,ADA-USDT-SWAP,BUY,10,1635168698383
2.1452,ADA-USDT-SWAP,BUY,1,1635168699063
2.1453,ADA-USDT-SWAP,BUY,1,1635168700547
2.14534,ADA-USDT-SWAP,BUY,1,1635168701047
2.14543,ADA-USDT-SWAP,SELL,1,1635168702301
2.14544,ADA-USDT-SWAP,BUY,1,1635168702570
2.1457,ADA-USDT-SWAP,SELL,2,1635168702978
2.14566,ADA-USDT-SWAP,SELL,2,1635168702978
2.14566,ADA-USDT-SWAP,BUY,1,1635168708945
2.14566,ADA-USDT-SWAP,BUY,4,1635168708945
2.1458,ADA-USDT-SWAP,BUY,6,1635168708954
2.14581,ADA-USDT-SWAP,BUY,1,1635168708954
2.14599,ADA-USDT-SWAP,BUY,2,1635168709013
2.14599,ADA-USDT-SWAP,BUY,1,1635168709013
2.146,ADA-USDT-SWAP,BUY,3,1635168709013
2.14597,ADA-USDT-SWAP,SELL,14,1635168709111
2.14601,ADA-USDT-SWAP,SELL,1,1635168709144
2.146,ADA-USDT-SWAP,SELL,6,1635168709144
2.14602,ADA-USDT-SWAP,BUY,1,1635168709245
2.14619,ADA-USDT-SWAP,BUY,6,1635168709245
2.1462,ADA-USDT-SWAP,BUY,1,1635168709245
2.14632,ADA-USDT-SWAP,BUY,1,1635168709245
2.14633,ADA-USDT-SWAP,BUY,1,1635168709245
2.14636,ADA-USDT-SWAP,BUY,4,1635168709245
2.14636,ADA-USDT-SWAP,BUY,2,1635168709270
2.1464,ADA-USDT-SWAP,BUY,5,1635168709278
2.14646,ADA-USDT-SWAP,BUY,31,1635168709278
2.14662,ADA-USDT-SWAP,BUY,1,1635168709395
2.14662,ADA-USDT-SWAP,BUY,3,1635168709398
2.14662,ADA-USDT-SWAP,BUY,1,1635168709398
2.14674,ADA-USDT-SWAP,BUY,5,1635168709489
2.14673,ADA-USDT-SWAP,SELL,1,1635168709564
2.14682,ADA-USDT-SWAP,SELL,4,1635168709588
2.14683,ADA-USDT-SWAP,BUY,1,1635168709674
2.14688,ADA-USDT-SWAP,BUY,2,1635168709701
2.14693,ADA-USDT-SWAP,BUY,1,1635168709731
2.14702,ADA-USDT-SWAP,BUY,6,1635168709731
2.14701,ADA-USDT-SWAP,SELL,3,1635168709763
2.14715,ADA-USDT-SWAP,BUY,5,1635168709823
2.14716,ADA-USDT-SWAP,BUY,4,1635168709823
2.14719,ADA-USDT-SWAP,BUY,1,1635168709823
2.1472,ADA-USDT-SWAP,BUY,1,1635168709823
2.14731,ADA-USDT-SWAP,BUY,18,1635168709823
2.14721,ADA-USDT-SWAP,SELL,1,1635168710040
2.14721,ADA-USDT-SWAP,SELL,1,1635168710181
2.14721,ADA-USDT-SWAP,SELL,46,1635168710271
2.14721,ADA-USDT-SWAP,SELL,1,1635168710313
2.14721,ADA-USDT-SWAP,SELL,2,1635168710328
2.147,ADA-USDT-SWAP,SELL,1,1635168710397
2.147,ADA-USDT-SWAP,SELL,33,1635168710464
2.14669,ADA-USDT-SWAP,SELL,1,1635168710562
2.14669,ADA-USDT-SWAP,SELL,1,1635168710627
2.1465,ADA-USDT-SWAP,SELL,1,1635168710688
2.14627,ADA-USDT-SWAP,SELL,1,1635168711044
2.14628,ADA-USDT-SWAP,BUY,13,1635168711192
2.14628,ADA-USDT-SWAP,BUY,3,1635168711192
2.14628,ADA-USDT-SWAP,BUY,1,1635168711192
2.14638,ADA-USDT-SWAP,BUY,1,1635168711218
2.14643,ADA-USDT-SWAP,SELL,1,1635168711446
2.14643,ADA-USDT-SWAP,SELL,1,1635168711543
2.14643,ADA-USDT-SWAP,SELL,1,1635168711695
2.14643,ADA-USDT-SWAP,SELL,1,1635168711738
2.14627,ADA-USDT-SWAP,SELL,4,1635168711937
2.14625,ADA-USDT-SWAP,SELL,5,1635168711937
2.14621,ADA-USDT-SWAP,SELL,6,1635168712178
2.14621,ADA-USDT-SWAP,SELL,2,1635168712226
2.14622,ADA-USDT-SWAP,BUY,2,1635168712384
2.14622,ADA-USDT-SWAP,BUY,4,1635168712384
2.14624,ADA-USDT-SWAP,SELL,1,1635168712504
2.14621,ADA-USDT-SWAP,SELL,5,1635168712504
2.14621,ADA-USDT-SWAP,SELL,1,1635168712539
2.14621,ADA-USDT-SWAP,SELL,5,1635168712573
2.14621,ADA-USDT-SWAP,SELL,4,1635168712589
2.14621,ADA-USDT-SWAP,SELL,2,1635168712589
2.14621,ADA-USDT-SWAP,SELL,3,1635168712591
2.146,ADA-USDT-SWAP,SELL,1,1635168712621
2.14596,ADA-USDT-SWAP,SELL,5,1635168712621
2.14574,ADA-USDT-SWAP,SELL,1,1635168712624
2.14571,ADA-USDT-SWAP,SELL,1,1635168712654
2.14566,ADA-USDT-SWAP,SELL,6,1635168712654
2.14565,ADA-USDT-SWAP,SELL,1,1635168712654
2.14561,ADA-USDT-SWAP,SELL,2,1635168712654
2.14557,ADA-USDT-SWAP,SELL,3,1635168712813
2.14557,ADA-USDT-SWAP,SELL,3,1635168712885
2.14558,ADA-USDT-SWAP,BUY,6,1635168713003
2.14581,ADA-USDT-SWAP,BUY,1,1635168713107
2.1459,ADA-USDT-SWAP,SELL,1,1635168713341
2.14568,ADA-USDT-SWAP,BUY,1,1635168713501
2.14583,ADA-USDT-SWAP,BUY,1,1635168715931
2.14583,ADA-USDT-SWAP,BUY,18,1635168715931
2.14583,ADA-USDT-SWAP,BUY,1,1635168715931
2.14587,ADA-USDT-SWAP,BUY,1,1635168715931
2.14604,ADA-USDT-SWAP,BUY,13,1635168715931
2.14576,ADA-USDT-SWAP,SELL,4,1635168718026
2.14576,ADA-USDT-SWAP,SELL,3,1635168718026
2.14576,ADA-USDT-SWAP,SELL,3,1635168718040
2.14559,ADA-USDT-SWAP,SELL,4,1635168718060
2.1456,ADA-USDT-SWAP,BUY,3,1635168718086
2.1456,ADA-USDT-SWAP,BUY,3,1635168719839
2.1456,ADA-USDT-SWAP,BUY,1,1635168719839
2.14568,ADA-USDT-SWAP,BUY,57,1635168719839
2.1457,ADA-USDT-SWAP,BUY,1,1635168719839
2.14577,ADA-USDT-SWAP,BUY,3,1635168719866
2.14559,ADA-USDT-SWAP,SELL,1,1635168720086
2.14559,ADA-USDT-SWAP,SELL,3,1635168720408
2.14559,ADA-USDT-SWAP,SELL,6,1635168720408
2.14559,ADA-USDT-SWAP,SELL,5,1635168720408
2.14559,ADA-USDT-SWAP,SELL,2,1635168720408
2.14515,ADA-USDT-SWAP,BUY,6,1635168721299
2.14515,ADA-USDT-SWAP,BUY,1,1635168721720
2.14534,ADA-USDT-SWAP,BUY,1,1635168721756
2.1454,ADA-USDT-SWAP,BUY,6,1635168721783
2.14543,ADA-USDT-SWAP,BUY,1,1635168722540
2.14543,ADA-USDT-SWAP,BUY,10,1635168722543
2.14548,ADA-USDT-SWAP,BUY,6,1635168722564
2.1455,ADA-USDT-SWAP,BUY,1,1635168722573
2.1455,ADA-USDT-SWAP,BUY,3,1635168722573
2.14599,ADA-USDT-SWAP,SELL,13,1635168722632
2.14576,ADA-USDT-SWAP,BUY,13,1635168722876
2.14598,ADA-USDT-SWAP,BUY,1,1635168722969
2.14603,ADA-USDT-SWAP,SELL,4,1635168723063
2.14604,ADA-USDT-SWAP,BUY,1,1635168723221
2.14604,ADA-USDT-SWAP,BUY,3,1635168723243
2.1461,ADA-USDT-SWAP,SELL,1,1635168723758
2.1461,ADA-USDT-SWAP,SELL,5,1635168723770
2.1461,ADA-USDT-SWAP,SELL,3,1635168723777
2.14587,ADA-USDT-SWAP,SELL,1,1635168723851
2.14609,ADA-USDT-SWAP,SELL,3,1635168725293
2.1461,ADA-USDT-SWAP,BUY,1,1635168727081
2.1461,ADA-USDT-SWAP,BUY,24,1635168727081
2.14611,ADA-USDT-SWAP,BUY,1,1635168727081
2.14619,ADA-USDT-SWAP,BUY,6,1635168727081
2.1462,ADA-USDT-SWAP,BUY,1,1635168727081
2.14639,ADA-USDT-SWAP,SELL,1,1635168729208
2.14639,ADA-USDT-SWAP,SELL,1,1635168729352
2.14649,ADA-USDT-SWAP,SELL,3,1635168729535
2.14649,ADA-USDT-SWAP,SELL,2,1635168730990
2.14649,ADA-USDT-SWAP,SELL,1,1635168732846
2.1465,ADA-USDT-SWAP,BUY,18,1635168732892
2.1465,ADA-USDT-SWAP,BUY,1,1635168732892
2.14649,ADA-USDT-SWAP,SELL,1,1635168733354
2.14649,ADA-USDT-SWAP,SELL,1,1635168735638
2.1465,ADA-USDT-SWAP,BUY,2,1635168736237
2.14658,ADA-USDT-SWAP,BUY,3,1635168736237
2.14657,ADA-USDT-SWAP,SELL,1,1635168739138
2.14657,ADA-USDT-SWAP,SELL,2,1635168739731
2.14649,ADA-USDT-SWAP,SELL,1,1635168739731
2.14635,ADA-USDT-SWAP,SELL,1,1635168739731
2.14635,ADA-USDT-SWAP,BUY,3,1635168740023
2.14658,ADA-USDT-SWAP,BUY,23,1635168740813
2.14658,ADA-USDT-SWAP,BUY,1,1635168740813
2.1466,ADA-USDT-SWAP,BUY,1,1635168742994
2.14679,ADA-USDT-SWAP,BUY,15,1635168742994
2.14678,ADA-USDT-SWAP,SELL,1,1635168743345
2.1466,ADA-USDT-SWAP,SELL,7,1635168744886
2.1466,ADA-USDT-SWAP,SELL,10,1635168746050
2.14661,ADA-USDT-SWAP,BUY,3,1635168746857
2.14661,ADA-USDT-SWAP,BUY,23,1635168746857
2.14677,ADA-USDT-SWAP,BUY,4,1635168746908
2.14679,ADA-USDT-SWAP,BUY,1,1635168746908
2.14682,ADA-USDT-SWAP,BUY,6,1635168746908
2.14689,ADA-USDT-SWAP,BUY,1,1635168747047
2.14719,ADA-USDT-SWAP,SELL,2,1635168747172
2.14719,ADA-USDT-SWAP,SELL,4,1635168747316
2.14719,ADA-USDT-SWAP,SELL,5,1635168747341
2.14719,ADA-USDT-SWAP,SELL,1,1635168747541
2.14688,ADA-USDT-SWAP,BUY,3,1635168747809
2.14682,ADA-USDT-SWAP,SELL,1,1635168747969
2.14682,ADA-USDT-SWAP,SELL,5,1635168747984
2.14681,ADA-USDT-SWAP,SELL,2,1635168747984
2.14664,ADA-USDT-SWAP,SELL,1,1635168748271
2.14664,ADA-USDT-SWAP,SELL,1,1635168748367
2.14664,ADA-USDT-SWAP,SELL,2,1635168748484
2.14664,ADA-USDT-SWAP,SELL,1,1635168748682
2.1466,ADA-USDT-SWAP,SELL,14,1635168748916
2.1466,ADA-USDT-SWAP,SELL,2,1635168748953
2.1466,ADA-USDT-SWAP,SELL,2,1635168748961
2.1466,ADA-USDT-SWAP,SELL,6,1635168748982
2.1466,ADA-USDT-SWAP,SELL,4,1635168748982
2.14659,ADA-USDT-SWAP,SELL,4,1635168749017
2.14659,ADA-USDT-SWAP,SELL,1,1635168749020
2.14651,ADA-USDT-SWAP,SELL,1,1635168749024
2.14651,ADA-USDT-SWAP,SELL,1,1635168749059
2.14651,ADA-USDT-SWAP,SELL,3,1635168749080
2.14651,ADA-USDT-SWAP,SELL,4,1635168749083
2.14623,ADA-USDT-SWAP,SELL,1,1635168749107
2.146,ADA-USDT-SWAP,SELL,1,1635168749310
2.14565,ADA-USDT-SWAP,SELL,1,1635168749341
2.1456,ADA-USDT-SWAP,SELL,1,1635168749473
2.14553,ADA-USDT-SWAP,SELL,2,1635168749503
2.14554,ADA-USDT-SWAP,BUY,1,1635168749642
2.14554,ADA-USDT-SWAP,BUY,13,1635168749642
2.14554,ADA-USDT-SWAP,BUY,57,1635168749642
2.14554,ADA-USDT-SWAP,BUY,6,1635168749642
2.1456,ADA-USDT-SWAP,BUY,1,1635168749687
2.14561,ADA-USDT-SWAP,BUY,3,1635168749775
2.14565,ADA-USDT-SWAP,BUY,6,1635168749782
2.14571,ADA-USDT-SWAP,BUY,1,1635168749782
2.14619,ADA-USDT-SWAP,SELL,1,1635168750008
2.14596,ADA-USDT-SWAP,SELL,4,1635168750133
2.14597,ADA-USDT-SWAP,SELL,1,1635168750251
2.14619,ADA-USDT-SWAP,SELL,11,1635168750325
2.14619,ADA-USDT-SWAP,SELL,1,1635168750376
2.14619,ADA-USDT-SWAP,SELL,1,1635168750511
2.14619,ADA-USDT-SWAP,SELL,11,1635168750511
2.14599,ADA-USDT-SWAP,SELL,6,1635168750511
2.14598,ADA-USDT-SWAP,SELL,1,1635168750511
2.14588,ADA-USDT-SWAP,SELL,5,1635168750511
2.14592,ADA-USDT-SWAP,SELL,6,1635168750604
2.14578,ADA-USDT-SWAP,SELL,5,1635168750604
2.14578,ADA-USDT-SWAP,SELL,8,1635168750604
2.14577,ADA-USDT-SWAP,SELL,18,1635168750604
2.14595,ADA-USDT-SWAP,SELL,1,1635168751369
2.14595,ADA-USDT-SWAP,SELL,4,1635168751377
2.14595,ADA-USDT-SWAP,SELL,1,1635168751436
2.14595,ADA-USDT-SWAP,SELL,5,1635168751436
2.14578,ADA-USDT-SWAP,SELL,6,1635168751493
2.14538,ADA-USDT-SWAP,SELL,1,1635168751710
2.14538,ADA-USDT-SWAP,SELL,1,1635168751737
2.14538,ADA-USDT-SWAP,SELL,4,1635168751767
2.14538,ADA-USDT-SWAP,SELL,37,1635168751767
2.14538,ADA-USDT-SWAP,SELL,7,1635168751774
2.14512,ADA-USDT-SWAP,SELL,1,1635168751809
2.14514,ADA-USDT-SWAP,BUY,13,1635168752008
2.14522,ADA-USDT-SWAP,BUY,12,1635168752033
2.14523,ADA-USDT-SWAP,BUY,1,1635168752033
2.14524,ADA-USDT-SWAP,BUY,2,1635168752033
2.1452,ADA-USDT-SWAP,SELL,2,1635168752100
2.14523,ADA-USDT-SWAP,BUY,1,1635168752102
2.1452,ADA-USDT-SWAP,SELL,1,1635168752161
2.14523,ADA-USDT-SWAP,BUY,1,1635168753073
2.14523,ADA-USDT-SWAP,BUY,2,1635168753073
2.14523,ADA-USDT-SWAP,BUY,6,1635168753098
2.14538,ADA-USDT-SWAP,BUY,6,1635168753098
2.14563,ADA-USDT-SWAP,BUY,1,1635168753098
2.14572,ADA-USDT-SWAP,BUY,6,1635168753098
2.14533,ADA-USDT-SWAP,BUY,1,1635168753135
2.14543,ADA-USDT-SWAP,BUY,1,1635168753202
2.14545,ADA-USDT-SWAP,BUY,12,1635168753229
2.14535,ADA-USDT-SWAP,BUY,6,1635168753810
2.14535,ADA-USDT-SWAP,SELL,1,1635168756092
2.14535,ADA-USDT-SWAP,SELL,5,1635168756092
2.14535,ADA-USDT-SWAP,SELL,1,1635168756092
2.14535,ADA-USDT-SWAP,SELL,4,1635168756092
2.14535,ADA-USDT-SWAP,SELL,2,1635168756508
2.14535,ADA-USDT-SWAP,SELL,1,1635168756621
2.14535,ADA-USDT-SWAP,SELL,1,1635168758028
2.14535,ADA-USDT-SWAP,SELL,1,1635168758380
2.14536,ADA-USDT-SWAP,BUY,1,1635168758861
2.14543,ADA-USDT-SWAP,BUY,1,1635168758902
2.14544,ADA-USDT-SWAP,SELL,1,1635168763060
2.14554,ADA-USDT-SWAP,SELL,1,1635168763624
2.14555,ADA-USDT-SWAP,BUY,1,1635168763903
2.14554,ADA-USDT-SWAP,SELL,1,1635168764692
2.14554,ADA-USDT-SWAP,SELL,2,1635168764692
2.14554,ADA-USDT-SWAP,SELL,1,1635168764692
2.14554,ADA-USDT-SWAP,SELL,2,1635168765531
2.14548,ADA-USDT-SWAP,SELL,2,1635168765531
2.14545,ADA-USDT-SWAP,SELL,6,1635168765531
2.14544,ADA-USDT-SWAP,SELL,1,1635168765531
2.14544,ADA-USDT-SWAP,SELL,1,1635168765628
2.14544,ADA-USDT-SWAP,SELL,1,1635168765689
2.14544,ADA-USDT-SWAP,BUY,4,1635168765979
2.14545,ADA-USDT-SWAP,BUY,1,1635168765979
2.14545,ADA-USDT-SWAP,BUY,4,1635168765979
2.14553,ADA-USDT-SWAP,SELL,3,1635168766643
2.14543,ADA-USDT-SWAP,SELL,5,1635168766706
2.14543,ADA-USDT-SWAP,SELL,1,1635168766706
2.14543,ADA-USDT-SWAP,SELL,1,1635168766707
2.14537,ADA-USDT-SWAP,SELL,13,1635168767493
2.14537,ADA-USDT-SWAP,SELL,1,1635168767493
2.14537,ADA-USDT-SWAP,SELL,57,1635168767493
2.14537,ADA-USDT-SWAP,SELL,47,1635168767533
2.14537,ADA-USDT-SWAP,SELL,1,1635168767533
2.14537,ADA-USDT-SWAP,BUY,23,1635168768963
2.14537,ADA-USDT-SWAP,BUY,24,1635168768963
2.14537,ADA-USDT-SWAP,BUY,4,1635168768989
2.14536,ADA-USDT-SWAP,SELL,1,1635168769012
2.14537,ADA-USDT-SWAP,BUY,3,1635168769128
2.14554,ADA-USDT-SWAP,SELL,1,1635168771166
2.14554,ADA-USDT-SWAP,SELL,1,1635168771635
2.14554,ADA-USDT-SWAP,SELL,1,1635168772094
2.14554,ADA-USDT-SWAP,SELL,1,1635168773190
2.14554,ADA-USDT-SWAP,SELL,1,1635168774284
2.14554,ADA-USDT-SWAP,SELL,1,1635168775291
2.14553,ADA-USDT-SWAP,BUY,1,1635168775948
2.14555,ADA-USDT-SWAP,BUY,15,1635168775967
2.14555,ADA-USDT-SWAP,BUY,6,1635168775967
2.14565,ADA-USDT-SWAP,BUY,1,1635168775967
2.14572,ADA-USDT-SWAP,SELL,1,1635168776294
2.14566,ADA-USDT-SWAP,SELL,1,1635168777496
2.14566,ADA-USDT-SWAP,SELL,1,1635168778496
2.14566,ADA-USDT-SWAP,BUY,1,1635168780962
2.14566,ADA-USDT-SWAP,BUY,1,1635168780987
2.14575,ADA-USDT-SWAP,BUY,1,1635168781023
2.14588,ADA-USDT-SWAP,BUY,4,1635168781090
2.1459,ADA-USDT-SWAP,SELL,1,1635168781251
2.14589,ADA-USDT-SWAP,SELL,1,1635168781260
2.14587,ADA-USDT-SWAP,SELL,3,1635168781260
2.14583,ADA-USDT-SWAP,SELL,1,1635168782112
2.14577,ADA-USDT-SWAP,SELL,1,1635168783346
2.14577,ADA-USDT-SWAP,SELL,1,1635168783371
2.14577,ADA-USDT-SWAP,SELL,1,1635168784023
2.14578,ADA-USDT-SWAP,BUY,1,1635168784340
2.14578,ADA-USDT-SWAP,BUY,8,1635168784340
2.14585,ADA-USDT-SWAP,SELL,1,1635168784363
2.14586,ADA-USDT-SWAP,BUY,11,1635168784363
2.14591,ADA-USDT-SWAP,BUY,1,1635168784363
2.14598,ADA-USDT-SWAP,BUY,1,1635168784363
2.14595,ADA-USDT-SWAP,SELL,1,1635168784458
2.14573,ADA-USDT-SWAP,SELL,1,1635168785627
2.14565,ADA-USDT-SWAP,SELL,1,1635168785795
2.14566,ADA-USDT-SWAP,BUY,19,1635168786171
2.14566,ADA-USDT-SWAP,BUY,2,1635168786171
2.14591,ADA-USDT-SWAP,BUY,18,1635168786667
2.14591,ADA-USDT-SWAP,BUY,4,1635168786667
2.1459,ADA-USDT-SWAP,SELL,1,1635168787551
2.14584,ADA-USDT-SWAP,SELL,1,1635168787551
2.14573,ADA-USDT-SWAP,SELL,1,1635168787551
2.14585,ADA-USDT-SWAP,SELL,1,1635168787904
2.14585,ADA-USDT-SWAP,BUY,3,1635168789515
2.14595,ADA-USDT-SWAP,SELL,2,1635168793317
2.14595,ADA-USDT-SWAP,SELL,3,1635168793318
2.14595,ADA-USDT-SWAP,SELL,1,1635168793622
2.14591,ADA-USDT-SWAP,SELL,2,1635168793893
2.14591,ADA-USDT-SWAP,SELL,1,1635168793893
2.14591,ADA-USDT-SWAP,SELL,3,1635168793893
2.14591,ADA-USDT-SWAP,SELL,1,1635168794601
2.1459,ADA-USDT-SWAP,SELL,2,1635168794621
2.14596,ADA-USDT-SWAP,BUY,1,1635168797010
2.14613,ADA-USDT-SWAP,SELL,1,1635168799367
2.14608,ADA-USDT-SWAP,SELL,1,1635168801148
2.14609,ADA-USDT-SWAP,BUY,1,1635168802824
2.14613,ADA-USDT-SWAP,BUY,4,1635168802839
2.14619,ADA-USDT-SWAP,SELL,9,1635168803281
2.14597,ADA-USDT-SWAP,BUY,2,1635168804926
2.14604,ADA-USDT-SWAP,BUY,5,1635168804973
2.14613,ADA-USDT-SWAP,BUY,1,1635168807567
2.14613,ADA-USDT-SWAP,BUY,23,1635168807567
2.14613,ADA-USDT-SWAP,BUY,4,1635168807567
2.1462,ADA-USDT-SWAP,BUY,1,1635168807595
2.1462,ADA-USDT-SWAP,BUY,4,1635168807595
2.14624,ADA-USDT-SWAP,BUY,1,1635168807716
2.14635,ADA-USDT-SWAP,BUY,11,1635168807792
2.14612,ADA-USDT-SWAP,SELL,1,1635168808417
2.14612,ADA-USDT-SWAP,SELL,1,1635168808872
2.14613,ADA-USDT-SWAP,BUY,4,1635168809423
2.14629,ADA-USDT-SWAP,BUY,1,1635168810886
2.14634,ADA-USDT-SWAP,SELL,1,1635168811630
2.14628,ADA-USDT-SWAP,SELL,1,1635168811915
2.14612,ADA-USDT-SWAP,SELL,1,1635168811971
2.14613,ADA-USDT-SWAP,SELL,1,1635168812945
2.14614,ADA-USDT-SWAP,BUY,2,1635168814013
2.14614,ADA-USDT-SWAP,BUY,13,1635168814013
2.14623,ADA-USDT-SWAP,BUY,1,1635168814603
2.14634,ADA-USDT-SWAP,BUY,1,1635168814699
2.14634,ADA-USDT-SWAP,BUY,13,1635168814699
2.14635,ADA-USDT-SWAP,BUY,4,1635168814699
2.14635,ADA-USDT-SWAP,BUY,1,1635168814703
2.14635,ADA-USDT-SWAP,BUY,12,1635168814703
2.1464,ADA-USDT-SWAP,BUY,1,1635168814743
2.14634,ADA-USDT-SWAP,BUY,13,1635168815292
2.14634,ADA-USDT-SWAP,BUY,3,1635168815296
2.14638,ADA-USDT-SWAP,BUY,4,1635168815332
2.14651,ADA-USDT-SWAP,BUY,1,1635168815343
2.14657,ADA-USDT-SWAP,BUY,6,1635168815346
2.14658,ADA-USDT-SWAP,BUY,1,1635168815346
2.14677,ADA-USDT-SWAP,SELL,1,1635168815600
2.14675,ADA-USDT-SWAP,SELL,1,1635168815859
2.14675,ADA-USDT-SWAP,SELL,5,1635168815861
2.14678,ADA-USDT-SWAP,BUY,1,1635168816993
2.14684,ADA-USDT-SWAP,SELL,1,1635168817439
2.14682,ADA-USDT-SWAP,BUY,2,1635168817859
2.14683,ADA-USDT-SWAP,BUY,2,1635168817859
2.14683,ADA-USDT-SWAP,BUY,4,1635168817859
2.14688,ADA-USDT-SWAP,BUY,1,1635168817900
2.14693,ADA-USDT-SWAP,BUY,1,1635168817918
2.14705,ADA-USDT-SWAP,BUY,5,1635168817918
2.14705,ADA-USDT-SWAP,BUY,1,1635168817918
2.14706,ADA-USDT-SWAP,BUY,4,1635168817969
2.14706,ADA-USDT-SWAP,BUY,1,1635168817972
2.14719,ADA-USDT-SWAP,BUY,1,1635168818122
2.14718,ADA-USDT-SWAP,SELL,2,1635168818173
2.14717,ADA-USDT-SWAP,SELL,34,1635168818173
2.14694,ADA-USDT-SWAP,SELL,1,1635168818298
2.14688,ADA-USDT-SWAP,SELL,8,1635168818298
2.14684,ADA-USDT-SWAP,SELL,1,1635168818298
2.14679,ADA-USDT-SWAP,SELL,6,1635168818298
2.1467,ADA-USDT-SWAP,SELL,9,1635168820333
2.1467,ADA-USDT-SWAP,SELL,1,1635168820577
2.14659,ADA-USDT-SWAP,BUY,3,1635168820718
2.14657,ADA-USDT-SWAP,SELL,1,1635168820969
2.1467,ADA-USDT-SWAP,SELL,1,1635168821958
2.14658,ADA-USDT-SWAP,SELL,5,1635168821958
2.14657,ADA-USDT-SWAP,SELL,1,1635168822883
2.14657,ADA-USDT-SWAP,SELL,1,1635168822884
2.14657,ADA-USDT-SWAP,SELL,4,1635168822884
2.14657,ADA-USDT-SWAP,SELL,6,1635168822887
2.14649,ADA-USDT-SWAP,BUY,2,1635168823420
2.14664,ADA-USDT-SWAP,SELL,1,1635168824879
2.14647,ADA-USDT-SWAP,SELL,6,1635168824885
2.14646,ADA-USDT-SWAP,SELL,1,1635168824999
2.14646,ADA-USDT-SWAP,SELL,6,1635168824999
2.14646,ADA-USDT-SWAP,SELL,2,1635168825848
2.14646,ADA-USDT-SWAP,SELL,1,1635168825911
2.14647,ADA-USDT-SWAP,BUY,1,1635168825938
2.14643,ADA-USDT-SWAP,SELL,1,1635168827629
2.14643,ADA-USDT-SWAP,SELL,3,1635168827631
2.14643,ADA-USDT-SWAP,SELL,1,1635168827934
2.14643,ADA-USDT-SWAP,SELL,1,1635168828919
2.14643,ADA-USDT-SWAP,SELL,3,1635168829766
2.14637,ADA-USDT-SWAP,SELL,2,1635168829830
2.14629,ADA-USDT-SWAP,SELL,1,1635168829830
2.14623,ADA-USDT-SWAP,SELL,5,1635168829830
2.146,ADA-USDT-SWAP,SELL,1,1635168830934
2.14596,ADA-USDT-SWAP,SELL,1,1635168833142
2.14596,ADA-USDT-SWAP,SELL,3,1635168833142
2.14596,ADA-USDT-SWAP,SELL,1,1635168833142
2.14596,ADA-USDT-SWAP,SELL,2,1635168833142
2.1458,ADA-USDT-SWAP,SELL,3,1635168833142
2.1458,ADA-USDT-SWAP,SELL,3,1635168833216
2.1458,ADA-USDT-SWAP,SELL,4,1635168833216
2.14572,ADA-USDT-SWAP,SELL,1,1635168836951
2.14549,ADA-USDT-SWAP,BUY,2,1635168837339
2.14549,ADA-USDT-SWAP,BUY,13,1635168837339
2.14549,ADA-USDT-SWAP,BUY,57,1635168837339
2.14551,ADA-USDT-SWAP,BUY,1,1635168837360
2.14557,ADA-USDT-SWAP,SELL,1,1635168838014
2.14548,ADA-USDT-SWAP,SELL,1,1635168838057
2.14547,ADA-USDT-SWAP,SELL,44,1635168838072
2.14535,ADA-USDT-SWAP,SELL,2,1635168838123
2.14528,ADA-USDT-SWAP,SELL,1,1635168838250
2.14518,ADA-USDT-SWAP,SELL,1,1635168838348
2.14529,ADA-USDT-SWAP,BUY,2,1635168838539
2.14546,ADA-USDT-SWAP,BUY,1,1635168838662
2.14567,ADA-USDT-SWAP,SELL,1,1635168841141
2.14567,ADA-USDT-SWAP,SELL,3,1635168841146
2.14567,ADA-USDT-SWAP,SELL,5,1635168841146
2.14567,ADA-USDT-SWAP,SELL,1,1635168841146
2.14533,ADA-USDT-SWAP,SELL,4,1635168841241
2.14533,ADA-USDT-SWAP,SELL,5,1635168841241
2.1453,ADA-USDT-SWAP,SELL,1,1635168841357
2.14523,ADA-USDT-SWAP,SELL,1,1635168841435
2.1451,ADA-USDT-SWAP,SELL,1,1635168841435
2.1451,ADA-USDT-SWAP,SELL,1,1635168841476
2.1451,ADA-USDT-SWAP,SELL,3,1635168841600
2.1451,ADA-USDT-SWAP,SELL,1,1635168841661
2.1451,ADA-USDT-SWAP,SELL,1,1635168841814
2.1451,ADA-USDT-SWAP,SELL,5,1635168842559
2.14511,ADA-USDT-SWAP,BUY,1,1635168844666
2.14514,ADA-USDT-SWAP,BUY,3,1635168844681
2.14514,ADA-USDT-SWAP,BUY,3,1635168844689
2.14521,ADA-USDT-SWAP,BUY,1,1635168844702
2.14555,ADA-USDT-SWAP,SELL,19,1635168848027
2.14555,ADA-USDT-SWAP,SELL,1,1635168848027
2.14556,ADA-USDT-SWAP,BUY,18,1635168849902
2.14566,ADA-USDT-SWAP,BUY,1,1635168850043
2.14567,ADA-USDT-SWAP,BUY,1,1635168850043
2.14575,ADA-USDT-SWAP,SELL,1,1635168852939
2.14575,ADA-USDT-SWAP,SELL,47,1635168852939
2.1457,ADA-USDT-SWAP,SELL,1,1635168852953
2.14564,ADA-USDT-SWAP,SELL,1,1635168852957
2.14555,ADA-USDT-SWAP,SELL,8,1635168852957
2.14555,ADA-USDT-SWAP,SELL,2,1635168852957
2.14555,ADA-USDT-SWAP,SELL,1,1635168852957
2.14555,ADA-USDT-SWAP,SELL,2,1635168852957
2.14555,ADA-USDT-SWAP,SELL,1,1635168852961
2.14564,ADA-USDT-SWAP,SELL,1,1635168852975
2.14551,ADA-USDT-SWAP,SELL,11,1635168852975
2.14545,ADA-USDT-SWAP,SELL,46,1635168852975
2.14542,ADA-USDT-SWAP,SELL,5,1635168852975
2.14551,ADA-USDT-SWAP,SELL,1,1635168853000
2.14542,ADA-USDT-SWAP,SELL,5,1635168853013
2.14539,ADA-USDT-SWAP,SELL,4,1635168853016
2.14515,ADA-USDT-SWAP,SELL,1,1635168853018
2.14542,ADA-USDT-SWAP,SELL,1,1635168853031
2.14515,ADA-USDT-SWAP,SELL,1,1635168853031
2.14514,ADA-USDT-SWAP,SELL,2,1635168853031
2.14509,ADA-USDT-SWAP,SELL,2,1635168853031
2.145,ADA-USDT-SWAP,SELL,1,1635168853031
2.145,ADA-USDT-SWAP,SELL,77,1635168853031
2.14542,ADA-USDT-SWAP,SELL,1,1635168853062
2.14522,ADA-USDT-SWAP,SELL,7,1635168853081
2.14542,ADA-USDT-SWAP,SELL,1,1635168853107
2.14542,ADA-USDT-SWAP,SELL,1,1635168853139
2.14515,ADA-USDT-SWAP,SELL,11,1635168853141
2.14499,ADA-USDT-SWAP,SELL,2,1635168853151
2.14499,ADA-USDT-SWAP,SELL,1,1635168853151
2.14499,ADA-USDT-SWAP,SELL,9,1635168853151
2.14511,ADA-USDT-SWAP,SELL,10,1635168853159
2.14511,ADA-USDT-SWAP,SELL,12,1635168853159
2.14498,ADA-USDT-SWAP,SELL,1,1635168853167
2.14493,ADA-USDT-SWAP,SELL,7,1635168853189
2.14483,ADA-USDT-SWAP,SELL,1,1635168853226
2.14472,ADA-USDT-SWAP,SELL,6,1635168853226
2.14493,ADA-USDT-SWAP,SELL,1,1635168853264
2.14493,ADA-USDT-SWAP,SELL,46,1635168853266
2.14469,ADA-USDT-SWAP,SELL,5,1635168853266
2.14461,ADA-USDT-SWAP,SELL,7,1635168853270
2.14461,ADA-USDT-SWAP,SELL,16,1635168853288
2.14461,ADA-USDT-SWAP,SELL,1,1635168853302
2.14455,ADA-USDT-SWAP,SELL,1,1635168853318
2.14453,ADA-USDT-SWAP,SELL,22,1635168853318
2.14461,ADA-USDT-SWAP,SELL,47,1635168853426
2.14459,ADA-USDT-SWAP,SELL,47,1635168853426
2.14459,ADA-USDT-SWAP,SELL,3,1635168853426
2.14459,ADA-USDT-SWAP,SELL,1,1635168853432
2.14463,ADA-USDT-SWAP,SELL,6,1635168853448
2.14463,ADA-USDT-SWAP,SELL,2,1635168853448
2.14459,ADA-USDT-SWAP,SELL,4,1635168853458
2.14459,ADA-USDT-SWAP,SELL,4,1635168853472
2.14459,ADA-USDT-SWAP,SELL,4,1635168853482
2.14434,ADA-USDT-SWAP,SELL,1,1635168853637
2.14422,ADA-USDT-SWAP,BUY,7,1635168853862
2.14422,ADA-USDT-SWAP,BUY,2,1635168853879
2.14426,ADA-USDT-SWAP,BUY,3,1635168853891
2.14429,ADA-USDT-SWAP,BUY,5,1635168853897
2.14448,ADA-USDT-SWAP,SELL,4,1635168854321
2.14448,ADA-USDT-SWAP,SELL,3,1635168854321
2.14448,ADA-USDT-SWAP,SELL,1,1635168854568
2.14449,ADA-USDT-SWAP,BUY,6,1635168855092
2.14449,ADA-USDT-SWAP,BUY,1,1635168855092
2.14459,ADA-USDT-SWAP,BUY,1,1635168855170
2.14503,ADA-USDT-SWAP,BUY,1,1635168858624
2.1452,ADA-USDT-SWAP,BUY,1,1635168858955
2.14529,ADA-USDT-SWAP,SELL,1,1635168860200
2.1453,ADA-USDT-SWAP,BUY,1,1635168860774
2.14574,ADA-USDT-SWAP,SELL,1,1635168861912
2.14574,ADA-USDT-SWAP,SELL,2,1635168861912
2.14574,ADA-USDT-SWAP,SELL,9,1635168861912
2.14573,ADA-USDT-SWAP,SELL,1,1635168861919
2.14572,ADA-USDT-SWAP,SELL,2,1635168861919
2.14565,ADA-USDT-SWAP,SELL,6,1635168861919
2.14544,ADA-USDT-SWAP,SELL,1,1635168861922
2.14523,ADA-USDT-SWAP,SELL,1,1635168861993
2.1452,ADA-USDT-SWAP,SELL,1,1635168862039
2.1452,ADA-USDT-SWAP,SELL,1,1635168862213
2.145,ADA-USDT-SWAP,SELL,1,1635168862314
2.14513,ADA-USDT-SWAP,SELL,10,1635168862416
2.14506,ADA-USDT-SWAP,SELL,1,1635168863097
2.14506,ADA-USDT-SWAP,BUY,1,1635168865128
2.14509,ADA-USDT-SWAP,BUY,1,1635168865128
2.14511,ADA-USDT-SWAP,BUY,2,1635168865178
2.14516,ADA-USDT-SWAP,BUY,1,1635168865178
2.1452,ADA-USDT-SWAP,BUY,1,1635168865178
2.1452,ADA-USDT-SWAP,BUY,5,1635168865178
2.14516,ADA-USDT-SWAP,BUY,1,1635168868598
2.14526,ADA-USDT-SWAP,BUY,1,1635168870923
2.14553,ADA-USDT-SWAP,SELL,25,1635168871109
2.145,ADA-USDT-SWAP,SELL,1,1635168871448
2.14482,ADA-USDT-SWAP,SELL,16,1635168871510
2.14482,ADA-USDT-SWAP,SELL,2,1635168871518
2.14459,ADA-USDT-SWAP,SELL,1,1635168871529
2.14444,ADA-USDT-SWAP,SELL,1,1635168871799
2.14453,ADA-USDT-SWAP,BUY,1,1635168873005
2.14458,ADA-USDT-SWAP,BUY,1,1635168873030
2.14458,ADA-USDT-SWAP,BUY,3,1635168873056
2.14459,ADA-USDT-SWAP,BUY,6,1635168873069
2.14468,ADA-USDT-SWAP,BUY,1,1635168873099
2.14519,ADA-USDT-SWAP,SELL,1,1635168873630
2.14512,ADA-USDT-SWAP,SELL,1,1635168874622
2.14502,ADA-USDT-SWAP,SELL,1,1635168887352
2.14502,ADA-USDT-SWAP,SELL,2,1635168887352
2.14502,ADA-USDT-SWAP,SELL,6,1635168887352
2.14502,ADA-USDT-SWAP,SELL,2,1635168887352
2.14502,ADA-USDT-SWAP,SELL,57,1635168887352
2.14502,ADA-USDT-SWAP,SELL,9,1635168887352
2.14519,ADA-USDT-SWAP,SELL,1,1635168888990
2.14519,ADA-USDT-SWAP,SELL,13,1635168888990
2.14519,ADA-USDT-SWAP,SELL,6,1635168888990
2.14518,ADA-USDT-SWAP,SELL,10,1635168888990
2.14517,ADA-USDT-SWAP,SELL,1,1635168888990
2.14516,ADA-USDT-SWAP,SELL,1,1635168888990
2.14516,ADA-USDT-SWAP,SELL,10,1635168888990
2.145,ADA-USDT-SWAP,SELL,7,1635168889313
2.14482,ADA-USDT-SWAP,SELL,18,1635168889329
2.14461,ADA-USDT-SWAP,BUY,1,1635168889527
2.14469,ADA-USDT-SWAP,BUY,1,1635168890039
2.14479,ADA-USDT-SWAP,BUY,1,1635168891137
2.1452,ADA-USDT-SWAP,BUY,1,1635168893144
2.1452,ADA-USDT-SWAP,BUY,2,1635168893144
2.1453,ADA-USDT-SWAP,BUY,1,1635168893196
2.14535,ADA-USDT-SWAP,BUY,18,1635168893202
2.14536,ADA-USDT-SWAP,BUY,1,1635168893219
2.14543,ADA-USDT-SWAP,BUY,1,1635168893219
2.14544,ADA-USDT-SWAP,BUY,1,1635168893458
2.14545,ADA-USDT-SWAP,BUY,4,1635168893463
2.14546,ADA-USDT-SWAP,BUY,1,1635168893463
2.14553,ADA-USDT-SWAP,BUY,47,1635168893948
2.14554,ADA-USDT-SWAP,BUY,1,1635168893960
2.14565,ADA-USDT-SWAP,BUY,5,1635168894020
2.1456,ADA-USDT-SWAP,SELL,15,1635168894020
2.1456,ADA-USDT-SWAP,SELL,19,1635168894024
2.14525,ADA-USDT-SWAP,BUY,1,1635168894300
2.1455,ADA-USDT-SWAP,SELL,1,1635168894567
2.14551,ADA-USDT-SWAP,BUY,2,1635168895102
2.14551,ADA-USDT-SWAP,BUY,6,1635168895102
2.14551,ADA-USDT-SWAP,BUY,34,1635168895102
2.14553,ADA-USDT-SWAP,BUY,1,1635168895491
2.14554,ADA-USDT-SWAP,BUY,6,1635168895491
2.14554,ADA-USDT-SWAP,BUY,32,1635168895491
2.14556,ADA-USDT-SWAP,BUY,1,1635168895524
2.14556,ADA-USDT-SWAP,BUY,3,1635168895542
2.14556,ADA-USDT-SWAP,BUY,8,1635168895559
2.14556,ADA-USDT-SWAP,BUY,6,1635168895770
2.14556,ADA-USDT-SWAP,BUY,1,1635168895770
2.14559,ADA-USDT-SWAP,BUY,1,1635168895770
2.14559,ADA-USDT-SWAP,BUY,5,1635168895771
2.1456,ADA-USDT-SWAP,BUY,1,1635168895771
2.14561,ADA-USDT-SWAP,BUY,6,1635168895795
2.14561,ADA-USDT-SWAP,BUY,1,1635168895795
2.14564,ADA-USDT-SWAP,SELL,3,1635168896109
2.14563,ADA-USDT-SWAP,BUY,1,1635168896228
2.14563,ADA-USDT-SWAP,BUY,5,1635168896228
2.14563,ADA-USDT-SWAP,BUY,1,1635168896228
2.14563,ADA-USDT-SWAP,BUY,6,1635168896228
2.14566,ADA-USDT-SWAP,BUY,1,1635168896268
2.14544,ADA-USDT-SWAP,SELL,6,1635168896784
2.14543,ADA-USDT-SWAP,SELL,3,1635168896784
2.14533,ADA-USDT-SWAP,SELL,1,1635168896784
2.14534,ADA-USDT-SWAP,SELL,1,1635168896802
2.14519,ADA-USDT-SWAP,SELL,1,1635168896922
2.14519,ADA-USDT-SWAP,SELL,1,1635168897119
2.1453,ADA-USDT-SWAP,SELL,6,1635168898512
2.14511,ADA-USDT-SWAP,SELL,1,1635168898552
2.14511,ADA-USDT-SWAP,SELL,1,1635168898879
2.14511,ADA-USDT-SWAP,SELL,1,1635168901628
2.14511,ADA-USDT-SWAP,SELL,13,1635168903818
2.14511,ADA-USDT-SWAP,SELL,1,1635168903818
2.145,ADA-USDT-SWAP,SELL,1,1635168903818
2.1448,ADA-USDT-SWAP,SELL,11,1635168903818
2.1448,ADA-USDT-SWAP,SELL,1,1635168903818
2.14487,ADA-USDT-SWAP,SELL,3,1635168906117
2.1449,ADA-USDT-SWAP,BUY,1,1635168913752
2.14494,ADA-USDT-SWAP,BUY,1,1635168913755
2.145,ADA-USDT-SWAP,BUY,1,1635168913755
2.14508,ADA-USDT-SWAP,BUY,4,1635168913755
2.14498,ADA-USDT-SWAP,SELL,2,1635168917150
2.14498,ADA-USDT-SWAP,SELL,3,1635168917150
2.14489,ADA-USDT-SWAP,SELL,6,1635168917171
2.14488,ADA-USDT-SWAP,SELL,5,1635168917205
2.1447,ADA-USDT-SWAP,BUY,2,1635168918889
2.1447,ADA-USDT-SWAP,BUY,1,1635168918889
2.14471,ADA-USDT-SWAP,BUY,1,1635168918889
2.14489,ADA-USDT-SWAP,SELL,1,1635168920753
2.14469,ADA-USDT-SWAP,SELL,4,1635168922442
2.14469,ADA-USDT-SWAP,SELL,2,1635168922643
2.14469,ADA-USDT-SWAP,SELL,1,1635168922643
2.14469,ADA-USDT-SWAP,SELL,2,1635168922643
2.1442,ADA-USDT-SWAP,BUY,1,1635168924529
2.1442,ADA-USDT-SWAP,BUY,6,1635168924529
2.1442,ADA-USDT-SWAP,BUY,10,1635168924529
2.1442,ADA-USDT-SWAP,BUY,2,1635168924529
2.14427,ADA-USDT-SWAP,BUY,1,1635168924725
2.1443,ADA-USDT-SWAP,BUY,1,1635168928751
2.14467,ADA-USDT-SWAP,SELL,1,1635168930012
2.14467,ADA-USDT-SWAP,SELL,1,1635168935536
2.14468,ADA-USDT-SWAP,BUY,9,1635168936414
2.14468,ADA-USDT-SWAP,BUY,4,1635168936414
2.14468,ADA-USDT-SWAP,BUY,2,1635168936414
2.14468,ADA-USDT-SWAP,BUY,6,1635168940361
2.14468,ADA-USDT-SWAP,BUY,1,1635168940361
2.14468,ADA-USDT-SWAP,BUY,4,1635168940414
2.14469,ADA-USDT-SWAP,BUY,2,1635168940414
2.1447,ADA-USDT-SWAP,BUY,12,1635168940414
2.1447,ADA-USDT-SWAP,BUY,1,1635168940414
2.14472,ADA-USDT-SWAP,BUY,1,1635168940443
2.14473,ADA-USDT-SWAP,BUY,1,1635168940443
2.14479,ADA-USDT-SWAP,BUY,6,1635168940443
2.14472,ADA-USDT-SWAP,BUY,5,1635168940483
2.14479,ADA-USDT-SWAP,BUY,36,1635168940483
2.14477,ADA-USDT-SWAP,BUY,4,1635168940529
2.14477,ADA-USDT-SWAP,BUY,1,1635168940551
2.14477,ADA-USDT-SWAP,BUY,2,1635168940583
2.14477,ADA-USDT-SWAP,BUY,2,1635168940702
2.14477,ADA-USDT-SWAP,BUY,4,1635168940897
2.14477,ADA-USDT-SWAP,BUY,1,1635168940914
2.14477,ADA-USDT-SWAP,BUY,1,1635168940923
2.14477,ADA-USDT-SWAP,BUY,2,1635168940928
2.14478,ADA-USDT-SWAP,BUY,1,1635168940945
2.14479,ADA-USDT-SWAP,BUY,5,1635168940956
2.14486,ADA-USDT-SWAP,SELL,1,1635168946328
2.14487,ADA-USDT-SWAP,BUY,1,1635168946552
2.14487,ADA-USDT-SWAP,BUY,4,1635168946552
2.14516,ADA-USDT-SWAP,SELL,6,1635168961420
2.14516,ADA-USDT-SWAP,SELL,1,1635168963576
2.1448,ADA-USDT-SWAP,SELL,2,1635168965896
2.1449,ADA-USDT-SWAP,SELL,6,1635168969548
2.1449,ADA-USDT-SWAP,SELL,1,1635168969548
2.1449,ADA-USDT-SWAP,SELL,6,1635168969548
2.1449,ADA-USDT-SWAP,SELL,20,1635168969548
2.1449,ADA-USDT-SWAP,SELL,12,1635168969561
2.1449,ADA-USDT-SWAP,SELL,16,1635168970076
2.1449,ADA-USDT-SWAP,SELL,1,1635168970094
2.1449,ADA-USDT-SWAP,SELL,1,1635168970097
2.1449,ADA-USDT-SWAP,SELL,8,1635168970098
2.1449,ADA-USDT-SWAP,SELL,12,1635168970101
2.1449,ADA-USDT-SWAP,SELL,1,1635168970112
2.1449,ADA-USDT-SWAP,SELL,3,1635168970113
2.1449,ADA-USDT-SWAP,SELL,4,1635168970120
2.1449,ADA-USDT-SWAP,SELL,3,1635168970125
2.14478,ADA-USDT-SWAP,SELL,3,1635168970182
2.14478,ADA-USDT-SWAP,SELL,7,1635168970501
2.14478,ADA-USDT-SWAP,SELL,1,1635168972901
2.14478,ADA-USDT-SWAP,SELL,2,1635168973218
2.14478,ADA-USDT-SWAP,SELL,1,1635168973221
2.14478,ADA-USDT-SWAP,SELL,1,1635168973305
2.14478,ADA-USDT-SWAP,SELL,66,1635168973323
2.1444,ADA-USDT-SWAP,SELL,1,1635168981506
2.1444,ADA-USDT-SWAP,SELL,1,1635168990984
2.14441,ADA-USDT-SWAP,BUY,1,1635168992902
2.14441,ADA-USDT-SWAP,BUY,47,1635168992902
2.14441,ADA-USDT-SWAP,BUY,11,1635168992902
2.14442,ADA-USDT-SWAP,BUY,1,1635168992902
2.14456,ADA-USDT-SWAP,BUY,6,1635168992975
2.14457,ADA-USDT-SWAP,BUY,12,1635168992975
2.14465,ADA-USDT-SWAP,BUY,1,1635168992997
2.14468,ADA-USDT-SWAP,BUY,10,1635168992997
2.14467,ADA-USDT-SWAP,BUY,4,1635168993052
2.14468,ADA-USDT-SWAP,BUY,7,1635168993203
2.14467,ADA-USDT-SWAP,SELL,3,1635169010560
2.14467,ADA-USDT-SWAP,SELL,2,1635169010560
2.14467,ADA-USDT-SWAP,SELL,9,1635169010560
2.14468,ADA-USDT-SWAP,BUY,1,1635169011597
2.14468,ADA-USDT-SWAP,BUY,6,1635169011597
2.14468,ADA-USDT-SWAP,BUY,1,1635169011597
2.14468,ADA-USDT-SWAP,BUY,6,1635169011636
2.14468,ADA-USDT-SWAP,BUY,41,1635169011636
2.14472,ADA-USDT-SWAP,BUY,1,1635169013583
2.14478,ADA-USDT-SWAP,BUY,1,1635169013583
2.1448,ADA-USDT-SWAP,BUY,2,1635169013583
2.14482,ADA-USDT-SWAP,BUY,1,1635169017379
